%YAML 1.1
%TAG !u! tag:unity3d.com,2011:
--- !u!1001 &100100000
Prefab:
  m_ObjectHideFlags: 1
  serializedVersion: 2
  m_Modification:
    m_TransformParent: {fileID: 0}
    m_Modifications: []
    m_RemovedComponents: []
  m_ParentPrefab: {fileID: 0}
  m_RootGameObject: {fileID: 1113797451230212}
  m_IsPrefabParent: 1
--- !u!1 &1021955192574082
GameObject:
  m_ObjectHideFlags: 1
  m_PrefabParentObject: {fileID: 0}
  m_PrefabInternal: {fileID: 100100000}
  serializedVersion: 5
  m_Component:
  - component: {fileID: 4274956508158940}
  m_Layer: 0
  m_Name: Boy:RightHand
  m_TagString: Untagged
  m_Icon: {fileID: 0}
  m_NavMeshLayer: 0
  m_StaticEditorFlags: 0
  m_IsActive: 1
--- !u!1 &1025723036906342
GameObject:
  m_ObjectHideFlags: 1
  m_PrefabParentObject: {fileID: 0}
  m_PrefabInternal: {fileID: 100100000}
  serializedVersion: 5
  m_Component:
  - component: {fileID: 4977788392176244}
  m_Layer: 0
  m_Name: Boy:LeftHandThumb1
  m_TagString: Untagged
  m_Icon: {fileID: 0}
  m_NavMeshLayer: 0
  m_StaticEditorFlags: 0
  m_IsActive: 1
--- !u!1 &1030058848748286
GameObject:
  m_ObjectHideFlags: 1
  m_PrefabParentObject: {fileID: 0}
  m_PrefabInternal: {fileID: 100100000}
  serializedVersion: 5
  m_Component:
  - component: {fileID: 4879695426044416}
  m_Layer: 0
  m_Name: Boy:RightHandRing2
  m_TagString: Untagged
  m_Icon: {fileID: 0}
  m_NavMeshLayer: 0
  m_StaticEditorFlags: 0
  m_IsActive: 1
--- !u!1 &1031605240831298
GameObject:
  m_ObjectHideFlags: 1
  m_PrefabParentObject: {fileID: 0}
  m_PrefabInternal: {fileID: 100100000}
  serializedVersion: 5
  m_Component:
  - component: {fileID: 4998687595919716}
  m_Layer: 0
  m_Name: Boy:Head
  m_TagString: Untagged
  m_Icon: {fileID: 0}
  m_NavMeshLayer: 0
  m_StaticEditorFlags: 0
  m_IsActive: 1
--- !u!1 &1048139969465892
GameObject:
  m_ObjectHideFlags: 1
  m_PrefabParentObject: {fileID: 0}
  m_PrefabInternal: {fileID: 100100000}
  serializedVersion: 5
  m_Component:
  - component: {fileID: 4534709366029308}
  m_Layer: 0
  m_Name: Boy:LeftHandRing1
  m_TagString: Untagged
  m_Icon: {fileID: 0}
  m_NavMeshLayer: 0
  m_StaticEditorFlags: 0
  m_IsActive: 1
--- !u!1 &1063496300302742
GameObject:
  m_ObjectHideFlags: 1
  m_PrefabParentObject: {fileID: 0}
  m_PrefabInternal: {fileID: 100100000}
  serializedVersion: 5
  m_Component:
  - component: {fileID: 4210533264578878}
  - component: {fileID: 137558967472713906}
  m_Layer: 0
  m_Name: Boy01_LowerBody_Geo
  m_TagString: Untagged
  m_Icon: {fileID: 0}
  m_NavMeshLayer: 0
  m_StaticEditorFlags: 0
  m_IsActive: 1
--- !u!1 &1087014325586426
GameObject:
  m_ObjectHideFlags: 1
  m_PrefabParentObject: {fileID: 0}
  m_PrefabInternal: {fileID: 100100000}
  serializedVersion: 5
  m_Component:
  - component: {fileID: 4741542809106058}
  m_Layer: 0
  m_Name: Boy:RightToeBase
  m_TagString: Untagged
  m_Icon: {fileID: 0}
  m_NavMeshLayer: 0
  m_StaticEditorFlags: 0
  m_IsActive: 1
--- !u!1 &1100701630159700
GameObject:
  m_ObjectHideFlags: 1
  m_PrefabParentObject: {fileID: 0}
  m_PrefabInternal: {fileID: 100100000}
  serializedVersion: 5
  m_Component:
  - component: {fileID: 4620935588005246}
  m_Layer: 0
  m_Name: Boy:LeftHandMiddle4
  m_TagString: Untagged
  m_Icon: {fileID: 0}
  m_NavMeshLayer: 0
  m_StaticEditorFlags: 0
  m_IsActive: 1
--- !u!1 &1101827242770826
GameObject:
  m_ObjectHideFlags: 1
  m_PrefabParentObject: {fileID: 0}
  m_PrefabInternal: {fileID: 100100000}
  serializedVersion: 5
  m_Component:
  - component: {fileID: 4675189242340322}
  m_Layer: 0
  m_Name: Boy:Spine2
  m_TagString: Untagged
  m_Icon: {fileID: 0}
  m_NavMeshLayer: 0
  m_StaticEditorFlags: 0
  m_IsActive: 1
--- !u!1 &1102850733321986
GameObject:
  m_ObjectHideFlags: 1
  m_PrefabParentObject: {fileID: 0}
  m_PrefabInternal: {fileID: 100100000}
  serializedVersion: 5
  m_Component:
  - component: {fileID: 4522217959556534}
  m_Layer: 0
  m_Name: Boy:LeftHandRing2
  m_TagString: Untagged
  m_Icon: {fileID: 0}
  m_NavMeshLayer: 0
  m_StaticEditorFlags: 0
  m_IsActive: 1
--- !u!1 &1108998142657130
GameObject:
  m_ObjectHideFlags: 1
  m_PrefabParentObject: {fileID: 0}
  m_PrefabInternal: {fileID: 100100000}
  serializedVersion: 5
  m_Component:
  - component: {fileID: 4148678515252376}
  m_Layer: 0
  m_Name: Boy:LeftHandPinky4
  m_TagString: Untagged
  m_Icon: {fileID: 0}
  m_NavMeshLayer: 0
  m_StaticEditorFlags: 0
  m_IsActive: 1
--- !u!1 &1113776301604550
GameObject:
  m_ObjectHideFlags: 1
  m_PrefabParentObject: {fileID: 0}
  m_PrefabInternal: {fileID: 100100000}
  serializedVersion: 5
  m_Component:
  - component: {fileID: 4350531848786862}
  m_Layer: 0
  m_Name: Boy:RightHandPinky2
  m_TagString: Untagged
  m_Icon: {fileID: 0}
  m_NavMeshLayer: 0
  m_StaticEditorFlags: 0
  m_IsActive: 1
--- !u!1 &1113797451230212
GameObject:
  m_ObjectHideFlags: 0
  m_PrefabParentObject: {fileID: 0}
  m_PrefabInternal: {fileID: 100100000}
  serializedVersion: 5
  m_Component:
  - component: {fileID: 4781992208844586}
  - component: {fileID: 95275782530671374}
  - component: {fileID: 54953209178905128}
  - component: {fileID: 136215260988848672}
  - component: {fileID: 114836012863500742}
  m_Layer: 0
  m_Name: ty
  m_TagString: Player
  m_Icon: {fileID: 0}
  m_NavMeshLayer: 0
  m_StaticEditorFlags: 0
  m_IsActive: 1
--- !u!1 &1114570430303146
GameObject:
  m_ObjectHideFlags: 1
  m_PrefabParentObject: {fileID: 0}
  m_PrefabInternal: {fileID: 100100000}
  serializedVersion: 5
  m_Component:
  - component: {fileID: 4524152018220588}
  m_Layer: 0
  m_Name: Boy:RightHandPinky4
  m_TagString: Untagged
  m_Icon: {fileID: 0}
  m_NavMeshLayer: 0
  m_StaticEditorFlags: 0
  m_IsActive: 1
--- !u!1 &1158337747962698
GameObject:
  m_ObjectHideFlags: 1
  m_PrefabParentObject: {fileID: 0}
  m_PrefabInternal: {fileID: 100100000}
  serializedVersion: 5
  m_Component:
  - component: {fileID: 4984330871171910}
  m_Layer: 0
  m_Name: Boy:LeftHandIndex3
  m_TagString: Untagged
  m_Icon: {fileID: 0}
  m_NavMeshLayer: 0
  m_StaticEditorFlags: 0
  m_IsActive: 1
--- !u!1 &1171002593780356
GameObject:
  m_ObjectHideFlags: 1
  m_PrefabParentObject: {fileID: 0}
  m_PrefabInternal: {fileID: 100100000}
  serializedVersion: 5
  m_Component:
  - component: {fileID: 4198582323276144}
  m_Layer: 0
  m_Name: Boy:LeftToeBase
  m_TagString: Untagged
  m_Icon: {fileID: 0}
  m_NavMeshLayer: 0
  m_StaticEditorFlags: 0
  m_IsActive: 1
--- !u!1 &1178948861405760
GameObject:
  m_ObjectHideFlags: 1
  m_PrefabParentObject: {fileID: 0}
  m_PrefabInternal: {fileID: 100100000}
  serializedVersion: 5
  m_Component:
  - component: {fileID: 4736223725407804}
  m_Layer: 0
  m_Name: Boy:RightHandIndex2
  m_TagString: Untagged
  m_Icon: {fileID: 0}
  m_NavMeshLayer: 0
  m_StaticEditorFlags: 0
  m_IsActive: 1
--- !u!1 &1197478283239216
GameObject:
  m_ObjectHideFlags: 1
  m_PrefabParentObject: {fileID: 0}
  m_PrefabInternal: {fileID: 100100000}
  serializedVersion: 5
  m_Component:
  - component: {fileID: 4506983071267524}
  - component: {fileID: 137375325228266262}
  m_Layer: 0
  m_Name: Boy01_Hair_Geo
  m_TagString: Untagged
  m_Icon: {fileID: 0}
  m_NavMeshLayer: 0
  m_StaticEditorFlags: 0
  m_IsActive: 1
--- !u!1 &1210350420522904
GameObject:
  m_ObjectHideFlags: 1
  m_PrefabParentObject: {fileID: 0}
  m_PrefabInternal: {fileID: 100100000}
  serializedVersion: 5
  m_Component:
  - component: {fileID: 4227224195300080}
  - component: {fileID: 137086806782721082}
  m_Layer: 0
  m_Name: Boy01_Head_Geo
  m_TagString: Untagged
  m_Icon: {fileID: 0}
  m_NavMeshLayer: 0
  m_StaticEditorFlags: 0
  m_IsActive: 1
--- !u!1 &1215424301296712
GameObject:
  m_ObjectHideFlags: 1
  m_PrefabParentObject: {fileID: 0}
  m_PrefabInternal: {fileID: 100100000}
  serializedVersion: 5
  m_Component:
  - component: {fileID: 4758669660082308}
  m_Layer: 0
  m_Name: Boy:LeftShoulder
  m_TagString: Untagged
  m_Icon: {fileID: 0}
  m_NavMeshLayer: 0
  m_StaticEditorFlags: 0
  m_IsActive: 1
--- !u!1 &1261509759032446
GameObject:
  m_ObjectHideFlags: 1
  m_PrefabParentObject: {fileID: 0}
  m_PrefabInternal: {fileID: 100100000}
  serializedVersion: 5
  m_Component:
  - component: {fileID: 4302379071676478}
  m_Layer: 0
  m_Name: Boy:LeftHandMiddle1
  m_TagString: Untagged
  m_Icon: {fileID: 0}
  m_NavMeshLayer: 0
  m_StaticEditorFlags: 0
  m_IsActive: 1
--- !u!1 &1269029957420900
GameObject:
  m_ObjectHideFlags: 1
  m_PrefabParentObject: {fileID: 0}
  m_PrefabInternal: {fileID: 100100000}
  serializedVersion: 5
  m_Component:
  - component: {fileID: 4642808462609136}
  m_Layer: 0
  m_Name: Boy:LeftHandMiddle3
  m_TagString: Untagged
  m_Icon: {fileID: 0}
  m_NavMeshLayer: 0
  m_StaticEditorFlags: 0
  m_IsActive: 1
--- !u!1 &1269598325569382
GameObject:
  m_ObjectHideFlags: 1
  m_PrefabParentObject: {fileID: 0}
  m_PrefabInternal: {fileID: 100100000}
  serializedVersion: 5
  m_Component:
  - component: {fileID: 4350741821623912}
  m_Layer: 0
  m_Name: Boy:RightHandThumb2
  m_TagString: Untagged
  m_Icon: {fileID: 0}
  m_NavMeshLayer: 0
  m_StaticEditorFlags: 0
  m_IsActive: 1
--- !u!1 &1271542741107614
GameObject:
  m_ObjectHideFlags: 1
  m_PrefabParentObject: {fileID: 0}
  m_PrefabInternal: {fileID: 100100000}
  serializedVersion: 5
  m_Component:
  - component: {fileID: 4448550539542496}
  m_Layer: 0
  m_Name: Boy:RightForeArm
  m_TagString: Untagged
  m_Icon: {fileID: 0}
  m_NavMeshLayer: 0
  m_StaticEditorFlags: 0
  m_IsActive: 1
--- !u!1 &1276849965793870
GameObject:
  m_ObjectHideFlags: 1
  m_PrefabParentObject: {fileID: 0}
  m_PrefabInternal: {fileID: 100100000}
  serializedVersion: 5
  m_Component:
  - component: {fileID: 4386356043503462}
  m_Layer: 0
  m_Name: Boy:LeftHandRing3
  m_TagString: Untagged
  m_Icon: {fileID: 0}
  m_NavMeshLayer: 0
  m_StaticEditorFlags: 0
  m_IsActive: 1
--- !u!1 &1282990596503682
GameObject:
  m_ObjectHideFlags: 1
  m_PrefabParentObject: {fileID: 0}
  m_PrefabInternal: {fileID: 100100000}
  serializedVersion: 5
  m_Component:
  - component: {fileID: 4112144278901020}
  - component: {fileID: 137105372385818088}
  m_Layer: 0
  m_Name: Boy01_UpperBody_Geo
  m_TagString: Untagged
  m_Icon: {fileID: 0}
  m_NavMeshLayer: 0
  m_StaticEditorFlags: 0
  m_IsActive: 1
--- !u!1 &1285795422543304
GameObject:
  m_ObjectHideFlags: 1
  m_PrefabParentObject: {fileID: 0}
  m_PrefabInternal: {fileID: 100100000}
  serializedVersion: 5
  m_Component:
  - component: {fileID: 4705311659085846}
  m_Layer: 0
  m_Name: Boy:RightHandMiddle3
  m_TagString: Untagged
  m_Icon: {fileID: 0}
  m_NavMeshLayer: 0
  m_StaticEditorFlags: 0
  m_IsActive: 1
--- !u!1 &1293701746637530
GameObject:
  m_ObjectHideFlags: 0
  m_PrefabParentObject: {fileID: 0}
  m_PrefabInternal: {fileID: 100100000}
  serializedVersion: 5
  m_Component:
  - component: {fileID: 4579506456965672}
  m_Layer: 0
  m_Name: Boy:Hips
  m_TagString: Untagged
  m_Icon: {fileID: 0}
  m_NavMeshLayer: 0
  m_StaticEditorFlags: 0
  m_IsActive: 1
--- !u!1 &1307756962173360
GameObject:
  m_ObjectHideFlags: 1
  m_PrefabParentObject: {fileID: 0}
  m_PrefabInternal: {fileID: 100100000}
  serializedVersion: 5
  m_Component:
  - component: {fileID: 4169489172609344}
  m_Layer: 0
  m_Name: Boy:LeftLeg
  m_TagString: Untagged
  m_Icon: {fileID: 0}
  m_NavMeshLayer: 0
  m_StaticEditorFlags: 0
  m_IsActive: 1
--- !u!1 &1310495823199578
GameObject:
  m_ObjectHideFlags: 0
  m_PrefabParentObject: {fileID: 0}
  m_PrefabInternal: {fileID: 100100000}
  serializedVersion: 5
  m_Component:
  - component: {fileID: 4359957464006130}
  - component: {fileID: 20793825342014148}
  - component: {fileID: 124588429139405706}
  - component: {fileID: 81672360778295508}
  m_Layer: 0
  m_Name: Main Camera
  m_TagString: MainCamera
  m_Icon: {fileID: 0}
  m_NavMeshLayer: 0
  m_StaticEditorFlags: 0
  m_IsActive: 1
--- !u!1 &1322641873232028
GameObject:
  m_ObjectHideFlags: 1
  m_PrefabParentObject: {fileID: 0}
  m_PrefabInternal: {fileID: 100100000}
  serializedVersion: 5
  m_Component:
  - component: {fileID: 4658042250988982}
  m_Layer: 0
  m_Name: Boy:LeftHandIndex1
  m_TagString: Untagged
  m_Icon: {fileID: 0}
  m_NavMeshLayer: 0
  m_StaticEditorFlags: 0
  m_IsActive: 1
--- !u!1 &1324148868252952
GameObject:
  m_ObjectHideFlags: 1
  m_PrefabParentObject: {fileID: 0}
  m_PrefabInternal: {fileID: 100100000}
  serializedVersion: 5
  m_Component:
  - component: {fileID: 4496579178218242}
  m_Layer: 0
  m_Name: Boy:LeftHandIndex4
  m_TagString: Untagged
  m_Icon: {fileID: 0}
  m_NavMeshLayer: 0
  m_StaticEditorFlags: 0
  m_IsActive: 1
--- !u!1 &1325351118540904
GameObject:
  m_ObjectHideFlags: 1
  m_PrefabParentObject: {fileID: 0}
  m_PrefabInternal: {fileID: 100100000}
  serializedVersion: 5
  m_Component:
  - component: {fileID: 4680074939326516}
  m_Layer: 0
  m_Name: Boy:RightHandIndex1
  m_TagString: Untagged
  m_Icon: {fileID: 0}
  m_NavMeshLayer: 0
  m_StaticEditorFlags: 0
  m_IsActive: 1
--- !u!1 &1339602478040650
GameObject:
  m_ObjectHideFlags: 1
  m_PrefabParentObject: {fileID: 0}
  m_PrefabInternal: {fileID: 100100000}
  serializedVersion: 5
  m_Component:
  - component: {fileID: 4817184394279046}
  - component: {fileID: 137946152406584882}
  m_Layer: 0
  m_Name: Boy01_Hands_Geo
  m_TagString: Untagged
  m_Icon: {fileID: 0}
  m_NavMeshLayer: 0
  m_StaticEditorFlags: 0
  m_IsActive: 1
--- !u!1 &1340143424245852
GameObject:
  m_ObjectHideFlags: 1
  m_PrefabParentObject: {fileID: 0}
  m_PrefabInternal: {fileID: 100100000}
  serializedVersion: 5
  m_Component:
  - component: {fileID: 4585168911915584}
  m_Layer: 0
  m_Name: Boy:Neck
  m_TagString: Untagged
  m_Icon: {fileID: 0}
  m_NavMeshLayer: 0
  m_StaticEditorFlags: 0
  m_IsActive: 1
--- !u!1 &1342791037912396
GameObject:
  m_ObjectHideFlags: 1
  m_PrefabParentObject: {fileID: 0}
  m_PrefabInternal: {fileID: 100100000}
  serializedVersion: 5
  m_Component:
  - component: {fileID: 4267788713570732}
  m_Layer: 0
  m_Name: Boy:RightHandPinky1
  m_TagString: Untagged
  m_Icon: {fileID: 0}
  m_NavMeshLayer: 0
  m_StaticEditorFlags: 0
  m_IsActive: 1
--- !u!1 &1393820150186158
GameObject:
  m_ObjectHideFlags: 1
  m_PrefabParentObject: {fileID: 0}
  m_PrefabInternal: {fileID: 100100000}
  serializedVersion: 5
  m_Component:
  - component: {fileID: 4696382771663270}
  m_Layer: 0
  m_Name: Boy:LeftHandRing4
  m_TagString: Untagged
  m_Icon: {fileID: 0}
  m_NavMeshLayer: 0
  m_StaticEditorFlags: 0
  m_IsActive: 1
--- !u!1 &1402408023432588
GameObject:
  m_ObjectHideFlags: 1
  m_PrefabParentObject: {fileID: 0}
  m_PrefabInternal: {fileID: 100100000}
  serializedVersion: 5
  m_Component:
  - component: {fileID: 4635285713540390}
  m_Layer: 0
  m_Name: Boy:RightHandRing4
  m_TagString: Untagged
  m_Icon: {fileID: 0}
  m_NavMeshLayer: 0
  m_StaticEditorFlags: 0
  m_IsActive: 1
--- !u!1 &1412212430952164
GameObject:
  m_ObjectHideFlags: 1
  m_PrefabParentObject: {fileID: 0}
  m_PrefabInternal: {fileID: 100100000}
  serializedVersion: 5
  m_Component:
  - component: {fileID: 4027803945476234}
  - component: {fileID: 137699936687834398}
  m_Layer: 0
  m_Name: Boy01_Scarf_Geo
  m_TagString: Untagged
  m_Icon: {fileID: 0}
  m_NavMeshLayer: 0
  m_StaticEditorFlags: 0
  m_IsActive: 1
--- !u!1 &1428441723872770
GameObject:
  m_ObjectHideFlags: 1
  m_PrefabParentObject: {fileID: 0}
  m_PrefabInternal: {fileID: 100100000}
  serializedVersion: 5
  m_Component:
  - component: {fileID: 4559157318999436}
  m_Layer: 0
  m_Name: Boy:RightHandPinky3
  m_TagString: Untagged
  m_Icon: {fileID: 0}
  m_NavMeshLayer: 0
  m_StaticEditorFlags: 0
  m_IsActive: 1
--- !u!1 &1429992095465692
GameObject:
  m_ObjectHideFlags: 1
  m_PrefabParentObject: {fileID: 0}
  m_PrefabInternal: {fileID: 100100000}
  serializedVersion: 5
  m_Component:
  - component: {fileID: 4255555690424324}
  m_Layer: 0
  m_Name: Boy:RightHandThumb1
  m_TagString: Untagged
  m_Icon: {fileID: 0}
  m_NavMeshLayer: 0
  m_StaticEditorFlags: 0
  m_IsActive: 1
--- !u!1 &1453017888034462
GameObject:
  m_ObjectHideFlags: 1
  m_PrefabParentObject: {fileID: 0}
  m_PrefabInternal: {fileID: 100100000}
  serializedVersion: 5
  m_Component:
  - component: {fileID: 4346221796383238}
  m_Layer: 0
  m_Name: Boy:RightHandIndex4
  m_TagString: Untagged
  m_Icon: {fileID: 0}
  m_NavMeshLayer: 0
  m_StaticEditorFlags: 0
  m_IsActive: 1
--- !u!1 &1465115559271676
GameObject:
  m_ObjectHideFlags: 1
  m_PrefabParentObject: {fileID: 0}
  m_PrefabInternal: {fileID: 100100000}
  serializedVersion: 5
  m_Component:
  - component: {fileID: 4746487068942630}
  m_Layer: 0
  m_Name: Boy:RightHandMiddle4
  m_TagString: Untagged
  m_Icon: {fileID: 0}
  m_NavMeshLayer: 0
  m_StaticEditorFlags: 0
  m_IsActive: 1
--- !u!1 &1514591724581970
GameObject:
  m_ObjectHideFlags: 1
  m_PrefabParentObject: {fileID: 0}
  m_PrefabInternal: {fileID: 100100000}
  serializedVersion: 5
  m_Component:
  - component: {fileID: 4066879556012208}
  - component: {fileID: 137557889123838424}
  m_Layer: 0
  m_Name: Boy01_Shoes_Geo
  m_TagString: Untagged
  m_Icon: {fileID: 0}
  m_NavMeshLayer: 0
  m_StaticEditorFlags: 0
  m_IsActive: 1
--- !u!1 &1529385950044460
GameObject:
  m_ObjectHideFlags: 1
  m_PrefabParentObject: {fileID: 0}
  m_PrefabInternal: {fileID: 100100000}
  serializedVersion: 5
  m_Component:
  - component: {fileID: 4792992838207720}
  m_Layer: 0
  m_Name: Boy:RightHandThumb4
  m_TagString: Untagged
  m_Icon: {fileID: 0}
  m_NavMeshLayer: 0
  m_StaticEditorFlags: 0
  m_IsActive: 1
--- !u!1 &1532366109266414
GameObject:
  m_ObjectHideFlags: 1
  m_PrefabParentObject: {fileID: 0}
  m_PrefabInternal: {fileID: 100100000}
  serializedVersion: 5
  m_Component:
  - component: {fileID: 4564711613920764}
  m_Layer: 0
  m_Name: Boy:RightHandMiddle1
  m_TagString: Untagged
  m_Icon: {fileID: 0}
  m_NavMeshLayer: 0
  m_StaticEditorFlags: 0
  m_IsActive: 1
--- !u!1 &1534230887154976
GameObject:
  m_ObjectHideFlags: 1
  m_PrefabParentObject: {fileID: 0}
  m_PrefabInternal: {fileID: 100100000}
  serializedVersion: 5
  m_Component:
  - component: {fileID: 4534723231529656}
  m_Layer: 0
  m_Name: Boy:Spine1
  m_TagString: Untagged
  m_Icon: {fileID: 0}
  m_NavMeshLayer: 0
  m_StaticEditorFlags: 0
  m_IsActive: 1
--- !u!1 &1543724195479272
GameObject:
  m_ObjectHideFlags: 1
  m_PrefabParentObject: {fileID: 0}
  m_PrefabInternal: {fileID: 100100000}
  serializedVersion: 5
  m_Component:
  - component: {fileID: 4349649465711334}
  m_Layer: 0
  m_Name: Boy:LeftArm
  m_TagString: Untagged
  m_Icon: {fileID: 0}
  m_NavMeshLayer: 0
  m_StaticEditorFlags: 0
  m_IsActive: 1
--- !u!1 &1551517993938512
GameObject:
  m_ObjectHideFlags: 1
  m_PrefabParentObject: {fileID: 0}
  m_PrefabInternal: {fileID: 100100000}
  serializedVersion: 5
  m_Component:
  - component: {fileID: 4099954850067654}
  m_Layer: 0
  m_Name: Boy:RightFoot
  m_TagString: Untagged
  m_Icon: {fileID: 0}
  m_NavMeshLayer: 0
  m_StaticEditorFlags: 0
  m_IsActive: 1
--- !u!1 &1553708104552736
GameObject:
  m_ObjectHideFlags: 1
  m_PrefabParentObject: {fileID: 0}
  m_PrefabInternal: {fileID: 100100000}
  serializedVersion: 5
  m_Component:
  - component: {fileID: 4575594406405728}
  m_Layer: 0
  m_Name: Boy:LeftHandThumb3
  m_TagString: Untagged
  m_Icon: {fileID: 0}
  m_NavMeshLayer: 0
  m_StaticEditorFlags: 0
  m_IsActive: 1
--- !u!1 &1597177883264112
GameObject:
  m_ObjectHideFlags: 1
  m_PrefabParentObject: {fileID: 0}
  m_PrefabInternal: {fileID: 100100000}
  serializedVersion: 5
  m_Component:
  - component: {fileID: 4431545958289470}
  m_Layer: 0
  m_Name: Boy:LeftHandIndex2
  m_TagString: Untagged
  m_Icon: {fileID: 0}
  m_NavMeshLayer: 0
  m_StaticEditorFlags: 0
  m_IsActive: 1
--- !u!1 &1603135546000382
GameObject:
  m_ObjectHideFlags: 1
  m_PrefabParentObject: {fileID: 0}
  m_PrefabInternal: {fileID: 100100000}
  serializedVersion: 5
  m_Component:
  - component: {fileID: 4304795430141586}
  m_Layer: 0
  m_Name: Boy:Spine
  m_TagString: Untagged
  m_Icon: {fileID: 0}
  m_NavMeshLayer: 0
  m_StaticEditorFlags: 0
  m_IsActive: 1
--- !u!1 &1644743580651794
GameObject:
  m_ObjectHideFlags: 1
  m_PrefabParentObject: {fileID: 0}
  m_PrefabInternal: {fileID: 100100000}
  serializedVersion: 5
  m_Component:
  - component: {fileID: 4806826906784572}
  m_Layer: 0
  m_Name: Boy:LeftForeArm
  m_TagString: Untagged
  m_Icon: {fileID: 0}
  m_NavMeshLayer: 0
  m_StaticEditorFlags: 0
  m_IsActive: 1
--- !u!1 &1653536577951050
GameObject:
  m_ObjectHideFlags: 1
  m_PrefabParentObject: {fileID: 0}
  m_PrefabInternal: {fileID: 100100000}
  serializedVersion: 5
  m_Component:
  - component: {fileID: 4794426306226520}
  m_Layer: 0
  m_Name: Boy:LeftUpLeg
  m_TagString: Untagged
  m_Icon: {fileID: 0}
  m_NavMeshLayer: 0
  m_StaticEditorFlags: 0
  m_IsActive: 1
--- !u!1 &1671551867927714
GameObject:
  m_ObjectHideFlags: 1
  m_PrefabParentObject: {fileID: 0}
  m_PrefabInternal: {fileID: 100100000}
  serializedVersion: 5
  m_Component:
  - component: {fileID: 4173542632363558}
  m_Layer: 0
  m_Name: Boy:RightHandMiddle2
  m_TagString: Untagged
  m_Icon: {fileID: 0}
  m_NavMeshLayer: 0
  m_StaticEditorFlags: 0
  m_IsActive: 1
--- !u!1 &1673210228694600
GameObject:
  m_ObjectHideFlags: 1
  m_PrefabParentObject: {fileID: 0}
  m_PrefabInternal: {fileID: 100100000}
  serializedVersion: 5
  m_Component:
  - component: {fileID: 4291862841841944}
  m_Layer: 0
  m_Name: Boy:RightHandRing1
  m_TagString: Untagged
  m_Icon: {fileID: 0}
  m_NavMeshLayer: 0
  m_StaticEditorFlags: 0
  m_IsActive: 1
--- !u!1 &1697458116743576
GameObject:
  m_ObjectHideFlags: 1
  m_PrefabParentObject: {fileID: 0}
  m_PrefabInternal: {fileID: 100100000}
  serializedVersion: 5
  m_Component:
  - component: {fileID: 4991720619905190}
  m_Layer: 0
  m_Name: Boy:LeftHandThumb2
  m_TagString: Untagged
  m_Icon: {fileID: 0}
  m_NavMeshLayer: 0
  m_StaticEditorFlags: 0
  m_IsActive: 1
--- !u!1 &1702674388411910
GameObject:
  m_ObjectHideFlags: 1
  m_PrefabParentObject: {fileID: 0}
  m_PrefabInternal: {fileID: 100100000}
  serializedVersion: 5
  m_Component:
  - component: {fileID: 4698265485899932}
  m_Layer: 0
  m_Name: Boy:RightShoulder
  m_TagString: Untagged
  m_Icon: {fileID: 0}
  m_NavMeshLayer: 0
  m_StaticEditorFlags: 0
  m_IsActive: 1
--- !u!1 &1705378428412702
GameObject:
  m_ObjectHideFlags: 1
  m_PrefabParentObject: {fileID: 0}
  m_PrefabInternal: {fileID: 100100000}
  serializedVersion: 5
  m_Component:
  - component: {fileID: 4423437865290336}
  m_Layer: 0
  m_Name: Boy:HeadTop_End
  m_TagString: Untagged
  m_Icon: {fileID: 0}
  m_NavMeshLayer: 0
  m_StaticEditorFlags: 0
  m_IsActive: 1
--- !u!1 &1711115833819630
GameObject:
  m_ObjectHideFlags: 0
  m_PrefabParentObject: {fileID: 0}
  m_PrefabInternal: {fileID: 100100000}
  serializedVersion: 5
  m_Component:
  - component: {fileID: 4364133234288770}
  m_Layer: 0
  m_Name: Boy_01_Meshes
  m_TagString: Untagged
  m_Icon: {fileID: 0}
  m_NavMeshLayer: 0
  m_StaticEditorFlags: 0
  m_IsActive: 1
--- !u!1 &1741414004296864
GameObject:
  m_ObjectHideFlags: 1
  m_PrefabParentObject: {fileID: 0}
  m_PrefabInternal: {fileID: 100100000}
  serializedVersion: 5
  m_Component:
  - component: {fileID: 4845399054843158}
  m_Layer: 0
  m_Name: Boy:RightUpLeg
  m_TagString: Untagged
  m_Icon: {fileID: 0}
  m_NavMeshLayer: 0
  m_StaticEditorFlags: 0
  m_IsActive: 1
--- !u!1 &1746789476187226
GameObject:
  m_ObjectHideFlags: 1
  m_PrefabParentObject: {fileID: 0}
  m_PrefabInternal: {fileID: 100100000}
  serializedVersion: 5
  m_Component:
  - component: {fileID: 4815051640137962}
  m_Layer: 0
  m_Name: Boy:LeftFoot
  m_TagString: Untagged
  m_Icon: {fileID: 0}
  m_NavMeshLayer: 0
  m_StaticEditorFlags: 0
  m_IsActive: 1
--- !u!1 &1748316862132060
GameObject:
  m_ObjectHideFlags: 1
  m_PrefabParentObject: {fileID: 0}
  m_PrefabInternal: {fileID: 100100000}
  serializedVersion: 5
  m_Component:
  - component: {fileID: 4550696427690986}
  m_Layer: 0
  m_Name: Boy:RightHandThumb3
  m_TagString: Untagged
  m_Icon: {fileID: 0}
  m_NavMeshLayer: 0
  m_StaticEditorFlags: 0
  m_IsActive: 1
--- !u!1 &1776362356466498
GameObject:
  m_ObjectHideFlags: 1
  m_PrefabParentObject: {fileID: 0}
  m_PrefabInternal: {fileID: 100100000}
  serializedVersion: 5
  m_Component:
  - component: {fileID: 4064850087241380}
  m_Layer: 0
  m_Name: Boy:RightLeg
  m_TagString: Untagged
  m_Icon: {fileID: 0}
  m_NavMeshLayer: 0
  m_StaticEditorFlags: 0
  m_IsActive: 1
--- !u!1 &1787118920043558
GameObject:
  m_ObjectHideFlags: 1
  m_PrefabParentObject: {fileID: 0}
  m_PrefabInternal: {fileID: 100100000}
  serializedVersion: 5
  m_Component:
  - component: {fileID: 4314820489124350}
  m_Layer: 0
  m_Name: Boy:LeftHand
  m_TagString: Untagged
  m_Icon: {fileID: 0}
  m_NavMeshLayer: 0
  m_StaticEditorFlags: 0
  m_IsActive: 1
--- !u!1 &1812677640682648
GameObject:
  m_ObjectHideFlags: 1
  m_PrefabParentObject: {fileID: 0}
  m_PrefabInternal: {fileID: 100100000}
  serializedVersion: 5
  m_Component:
  - component: {fileID: 4226375378718000}
  m_Layer: 0
  m_Name: Boy:RightArm
  m_TagString: Untagged
  m_Icon: {fileID: 0}
  m_NavMeshLayer: 0
  m_StaticEditorFlags: 0
  m_IsActive: 1
--- !u!1 &1839961779261286
GameObject:
  m_ObjectHideFlags: 1
  m_PrefabParentObject: {fileID: 0}
  m_PrefabInternal: {fileID: 100100000}
  serializedVersion: 5
  m_Component:
  - component: {fileID: 4168824595097938}
  m_Layer: 0
  m_Name: Boy:LeftHandPinky1
  m_TagString: Untagged
  m_Icon: {fileID: 0}
  m_NavMeshLayer: 0
  m_StaticEditorFlags: 0
  m_IsActive: 1
--- !u!1 &1870639904288134
GameObject:
  m_ObjectHideFlags: 1
  m_PrefabParentObject: {fileID: 0}
  m_PrefabInternal: {fileID: 100100000}
  serializedVersion: 5
  m_Component:
  - component: {fileID: 4724812087920778}
  m_Layer: 0
  m_Name: Boy:RightHandIndex3
  m_TagString: Untagged
  m_Icon: {fileID: 0}
  m_NavMeshLayer: 0
  m_StaticEditorFlags: 0
  m_IsActive: 1
--- !u!1 &1872299834319788
GameObject:
  m_ObjectHideFlags: 1
  m_PrefabParentObject: {fileID: 0}
  m_PrefabInternal: {fileID: 100100000}
  serializedVersion: 5
  m_Component:
  - component: {fileID: 4522558269536964}
  m_Layer: 0
  m_Name: Boy:LeftHandPinky3
  m_TagString: Untagged
  m_Icon: {fileID: 0}
  m_NavMeshLayer: 0
  m_StaticEditorFlags: 0
  m_IsActive: 1
--- !u!1 &1930924314821198
GameObject:
  m_ObjectHideFlags: 1
  m_PrefabParentObject: {fileID: 0}
  m_PrefabInternal: {fileID: 100100000}
  serializedVersion: 5
  m_Component:
  - component: {fileID: 4591535504674732}
  m_Layer: 0
  m_Name: Boy:LeftHandPinky2
  m_TagString: Untagged
  m_Icon: {fileID: 0}
  m_NavMeshLayer: 0
  m_StaticEditorFlags: 0
  m_IsActive: 1
--- !u!1 &1941000337929694
GameObject:
  m_ObjectHideFlags: 1
  m_PrefabParentObject: {fileID: 0}
  m_PrefabInternal: {fileID: 100100000}
  serializedVersion: 5
  m_Component:
  - component: {fileID: 4734994471536452}
  m_Layer: 0
  m_Name: Boy:RightHandRing3
  m_TagString: Untagged
  m_Icon: {fileID: 0}
  m_NavMeshLayer: 0
  m_StaticEditorFlags: 0
  m_IsActive: 1
--- !u!1 &1963153266899576
GameObject:
  m_ObjectHideFlags: 1
  m_PrefabParentObject: {fileID: 0}
  m_PrefabInternal: {fileID: 100100000}
  serializedVersion: 5
  m_Component:
  - component: {fileID: 4777881221199902}
  m_Layer: 0
  m_Name: Boy:LeftHandThumb4
  m_TagString: Untagged
  m_Icon: {fileID: 0}
  m_NavMeshLayer: 0
  m_StaticEditorFlags: 0
  m_IsActive: 1
--- !u!1 &1965444670375030
GameObject:
  m_ObjectHideFlags: 1
  m_PrefabParentObject: {fileID: 0}
  m_PrefabInternal: {fileID: 100100000}
  serializedVersion: 5
  m_Component:
  - component: {fileID: 4902212082672488}
  m_Layer: 0
  m_Name: Boy:LeftHandMiddle2
  m_TagString: Untagged
  m_Icon: {fileID: 0}
  m_NavMeshLayer: 0
  m_StaticEditorFlags: 0
  m_IsActive: 1
--- !u!4 &4027803945476234
Transform:
  m_ObjectHideFlags: 1
  m_PrefabParentObject: {fileID: 0}
  m_PrefabInternal: {fileID: 100100000}
  m_GameObject: {fileID: 1412212430952164}
  m_LocalRotation: {x: 0, y: -0, z: -0, w: 1}
  m_LocalPosition: {x: -0, y: 0, z: 0}
  m_LocalScale: {x: 1, y: 1, z: 1}
  m_Children: []
  m_Father: {fileID: 4364133234288770}
  m_RootOrder: 4
  m_LocalEulerAnglesHint: {x: 0, y: 0, z: 0}
--- !u!4 &4064850087241380
Transform:
  m_ObjectHideFlags: 1
  m_PrefabParentObject: {fileID: 0}
  m_PrefabInternal: {fileID: 100100000}
  m_GameObject: {fileID: 1776362356466498}
  m_LocalRotation: {x: 0.00062101096, y: 0.00000965773, z: 0.000000076540026, w: 0.9999998}
  m_LocalPosition: {x: 0.0040902854, y: -0.33779728, z: 0.0011150115}
  m_LocalScale: {x: 1, y: 1, z: 1}
  m_Children:
  - {fileID: 4099954850067654}
  m_Father: {fileID: 4845399054843158}
  m_RootOrder: 0
  m_LocalEulerAnglesHint: {x: 0, y: 0, z: 0}
--- !u!4 &4066879556012208
Transform:
  m_ObjectHideFlags: 1
  m_PrefabParentObject: {fileID: 0}
  m_PrefabInternal: {fileID: 100100000}
  m_GameObject: {fileID: 1514591724581970}
  m_LocalRotation: {x: 0, y: -0, z: -0, w: 1}
  m_LocalPosition: {x: -0, y: 0, z: 0}
  m_LocalScale: {x: 1, y: 1, z: 1}
  m_Children: []
  m_Father: {fileID: 4364133234288770}
  m_RootOrder: 5
  m_LocalEulerAnglesHint: {x: 0, y: 0, z: 0}
--- !u!4 &4099954850067654
Transform:
  m_ObjectHideFlags: 1
  m_PrefabParentObject: {fileID: 0}
  m_PrefabInternal: {fileID: 100100000}
  m_GameObject: {fileID: 1551517993938512}
  m_LocalRotation: {x: -0.0006444636, y: -0.000005538114, z: 0.0068927067, w: 0.99997604}
  m_LocalPosition: {x: 0.0051405774, y: -0.33176798, z: -0.022845898}
  m_LocalScale: {x: 1, y: 1, z: 1}
  m_Children:
  - {fileID: 4741542809106058}
  m_Father: {fileID: 4064850087241380}
  m_RootOrder: 0
  m_LocalEulerAnglesHint: {x: 0, y: 0, z: 0}
--- !u!4 &4112144278901020
Transform:
  m_ObjectHideFlags: 1
  m_PrefabParentObject: {fileID: 0}
  m_PrefabInternal: {fileID: 100100000}
  m_GameObject: {fileID: 1282990596503682}
  m_LocalRotation: {x: 0, y: -0, z: -0, w: 1}
  m_LocalPosition: {x: -0, y: 0, z: 0}
  m_LocalScale: {x: 1, y: 1, z: 1}
  m_Children: []
  m_Father: {fileID: 4364133234288770}
  m_RootOrder: 6
  m_LocalEulerAnglesHint: {x: 0, y: 0, z: 0}
--- !u!4 &4148678515252376
Transform:
  m_ObjectHideFlags: 1
  m_PrefabParentObject: {fileID: 0}
  m_PrefabInternal: {fileID: 100100000}
  m_GameObject: {fileID: 1108998142657130}
  m_LocalRotation: {x: 0, y: -0, z: -0, w: 1}
  m_LocalPosition: {x: -0.027790004, y: -0.009714465, z: -0.0018880091}
  m_LocalScale: {x: 1, y: 1, z: 1}
  m_Children: []
  m_Father: {fileID: 4522558269536964}
  m_RootOrder: 0
  m_LocalEulerAnglesHint: {x: 0, y: 0, z: 0}
--- !u!4 &4168824595097938
Transform:
  m_ObjectHideFlags: 1
  m_PrefabParentObject: {fileID: 0}
  m_PrefabInternal: {fileID: 100100000}
  m_GameObject: {fileID: 1839961779261286}
  m_LocalRotation: {x: 0.0012167105, y: 0.054831948, z: -0.16743901, w: 0.98435575}
  m_LocalPosition: {x: -0.1133727, y: -0.016895676, z: -0.05625614}
  m_LocalScale: {x: 1, y: 1, z: 1}
  m_Children:
  - {fileID: 4591535504674732}
  m_Father: {fileID: 4314820489124350}
  m_RootOrder: 2
  m_LocalEulerAnglesHint: {x: 0, y: 0, z: 0}
--- !u!4 &4169489172609344
Transform:
  m_ObjectHideFlags: 1
  m_PrefabParentObject: {fileID: 0}
  m_PrefabInternal: {fileID: 100100000}
  m_GameObject: {fileID: 1307756962173360}
  m_LocalRotation: {x: 0.0006243388, y: -0.000009705886, z: -0.000000076051556, w: 0.9999998}
  m_LocalPosition: {x: -0.0040902854, y: -0.33779728, z: 0.0011150115}
  m_LocalScale: {x: 1, y: 1, z: 1}
  m_Children:
  - {fileID: 4815051640137962}
  m_Father: {fileID: 4794426306226520}
  m_RootOrder: 0
  m_LocalEulerAnglesHint: {x: 0, y: 0, z: 0}
--- !u!4 &4173542632363558
Transform:
  m_ObjectHideFlags: 1
  m_PrefabParentObject: {fileID: 0}
  m_PrefabInternal: {fileID: 100100000}
  m_GameObject: {fileID: 1671551867927714}
  m_LocalRotation: {x: -0.0008558677, y: -0.013396366, z: 0.047683544, w: 0.9987723}
  m_LocalPosition: {x: 0.03290935, y: -0.008754621, z: -0.0018692748}
  m_LocalScale: {x: 1, y: 1, z: 1}
  m_Children:
  - {fileID: 4705311659085846}
  m_Father: {fileID: 4564711613920764}
  m_RootOrder: 0
  m_LocalEulerAnglesHint: {x: 0, y: 0, z: 0}
--- !u!4 &4198582323276144
Transform:
  m_ObjectHideFlags: 1
  m_PrefabParentObject: {fileID: 0}
  m_PrefabInternal: {fileID: 100100000}
  m_GameObject: {fileID: 1171002593780356}
  m_LocalRotation: {x: 0, y: -0, z: -0, w: 1}
  m_LocalPosition: {x: -0.009701685, y: -0.12896767, z: 0.14273058}
  m_LocalScale: {x: 1, y: 1, z: 1}
  m_Children: []
  m_Father: {fileID: 4815051640137962}
  m_RootOrder: 0
  m_LocalEulerAnglesHint: {x: 0, y: 0, z: 0}
--- !u!4 &4210533264578878
Transform:
  m_ObjectHideFlags: 1
  m_PrefabParentObject: {fileID: 0}
  m_PrefabInternal: {fileID: 100100000}
  m_GameObject: {fileID: 1063496300302742}
  m_LocalRotation: {x: 0, y: -0, z: -0, w: 1}
  m_LocalPosition: {x: -0, y: 0, z: 0}
  m_LocalScale: {x: 1, y: 1, z: 1}
  m_Children: []
  m_Father: {fileID: 4364133234288770}
  m_RootOrder: 3
  m_LocalEulerAnglesHint: {x: 0, y: 0, z: 0}
--- !u!4 &4226375378718000
Transform:
  m_ObjectHideFlags: 1
  m_PrefabParentObject: {fileID: 0}
  m_PrefabInternal: {fileID: 100100000}
  m_GameObject: {fileID: 1812677640682648}
  m_LocalRotation: {x: -0.0004417981, y: -0.046705842, z: 0.012952072, w: 0.99882466}
  m_LocalPosition: {x: 0.053006545, y: 0.006632174, z: -0.017092818}
  m_LocalScale: {x: 1, y: 1, z: 1}
  m_Children:
  - {fileID: 4448550539542496}
  m_Father: {fileID: 4698265485899932}
  m_RootOrder: 0
  m_LocalEulerAnglesHint: {x: 0, y: 0, z: 0}
--- !u!4 &4227224195300080
Transform:
  m_ObjectHideFlags: 1
  m_PrefabParentObject: {fileID: 0}
  m_PrefabInternal: {fileID: 100100000}
  m_GameObject: {fileID: 1210350420522904}
  m_LocalRotation: {x: 0, y: -0, z: -0, w: 1}
  m_LocalPosition: {x: -0, y: 0, z: 0}
  m_LocalScale: {x: 1, y: 1, z: 1}
  m_Children: []
  m_Father: {fileID: 4364133234288770}
  m_RootOrder: 2
  m_LocalEulerAnglesHint: {x: 0, y: 0, z: 0}
--- !u!4 &4255555690424324
Transform:
  m_ObjectHideFlags: 1
  m_PrefabParentObject: {fileID: 0}
  m_PrefabInternal: {fileID: 100100000}
  m_GameObject: {fileID: 1429992095465692}
  m_LocalRotation: {x: 0.000533259, y: 0.015575943, z: 0.010722509, w: 0.99982107}
  m_LocalPosition: {x: 0.044017605, y: -0.015914345, z: 0.033655696}
  m_LocalScale: {x: 1, y: 1, z: 1}
  m_Children:
  - {fileID: 4350741821623912}
  m_Father: {fileID: 4274956508158940}
  m_RootOrder: 4
  m_LocalEulerAnglesHint: {x: 0, y: 0, z: 0}
--- !u!4 &4267788713570732
Transform:
  m_ObjectHideFlags: 1
  m_PrefabParentObject: {fileID: 0}
  m_PrefabInternal: {fileID: 100100000}
  m_GameObject: {fileID: 1342791037912396}
  m_LocalRotation: {x: 0.0012167519, y: -0.05483197, z: 0.16743901, w: 0.98435575}
  m_LocalPosition: {x: 0.1133727, y: -0.016895676, z: -0.05625614}
  m_LocalScale: {x: 1, y: 1, z: 1}
  m_Children:
  - {fileID: 4350531848786862}
  m_Father: {fileID: 4274956508158940}
  m_RootOrder: 2
  m_LocalEulerAnglesHint: {x: 0, y: 0, z: 0}
--- !u!4 &4274956508158940
Transform:
  m_ObjectHideFlags: 1
  m_PrefabParentObject: {fileID: 0}
  m_PrefabInternal: {fileID: 100100000}
  m_GameObject: {fileID: 1021955192574082}
  m_LocalRotation: {x: 0.078464024, y: 0.01392354, z: -0.0022729936, w: 0.9968171}
  m_LocalPosition: {x: 0.23845805, y: -0.0008520288, z: -0.008709004}
  m_LocalScale: {x: 1, y: 1, z: 1}
  m_Children:
  - {fileID: 4680074939326516}
  - {fileID: 4564711613920764}
  - {fileID: 4267788713570732}
  - {fileID: 4291862841841944}
  - {fileID: 4255555690424324}
  m_Father: {fileID: 4448550539542496}
  m_RootOrder: 0
  m_LocalEulerAnglesHint: {x: 0, y: 0, z: 0}
--- !u!4 &4291862841841944
Transform:
  m_ObjectHideFlags: 1
  m_PrefabParentObject: {fileID: 0}
  m_PrefabInternal: {fileID: 100100000}
  m_GameObject: {fileID: 1673210228694600}
  m_LocalRotation: {x: 0.0012559604, y: -0.027163507, z: 0.163667, w: 0.9861408}
  m_LocalPosition: {x: 0.12304863, y: -0.0040101577, z: -0.030700507}
  m_LocalScale: {x: 1, y: 1, z: 1}
  m_Children:
  - {fileID: 4879695426044416}
  m_Father: {fileID: 4274956508158940}
  m_RootOrder: 3
  m_LocalEulerAnglesHint: {x: 0, y: 0, z: 0}
--- !u!4 &4302379071676478
Transform:
  m_ObjectHideFlags: 1
  m_PrefabParentObject: {fileID: 0}
  m_PrefabInternal: {fileID: 100100000}
  m_GameObject: {fileID: 1261509759032446}
  m_LocalRotation: {x: 0.0009779013, y: 0.023698013, z: -0.12822765, w: 0.9914611}
  m_LocalPosition: {x: -0.12135157, y: -0.0003060048, z: -0.000981802}
  m_LocalScale: {x: 1, y: 1, z: 1}
  m_Children:
  - {fileID: 4902212082672488}
  m_Father: {fileID: 4314820489124350}
  m_RootOrder: 1
  m_LocalEulerAnglesHint: {x: 0, y: 0, z: 0}
--- !u!4 &4304795430141586
Transform:
  m_ObjectHideFlags: 1
  m_PrefabParentObject: {fileID: 0}
  m_PrefabInternal: {fileID: 100100000}
  m_GameObject: {fileID: 1603135546000382}
  m_LocalRotation: {x: -4.965033e-20, y: 0.0000000018229488, z: -0.000000054828263,
    w: 1}
  m_LocalPosition: {x: -0, y: 0.07722018, z: 0.011662032}
  m_LocalScale: {x: 1, y: 1, z: 1}
  m_Children:
  - {fileID: 4534723231529656}
  m_Father: {fileID: 4579506456965672}
  m_RootOrder: 2
  m_LocalEulerAnglesHint: {x: 0, y: 0, z: 0}
--- !u!4 &4314820489124350
Transform:
  m_ObjectHideFlags: 1
  m_PrefabParentObject: {fileID: 0}
  m_PrefabInternal: {fileID: 100100000}
  m_GameObject: {fileID: 1787118920043558}
  m_LocalRotation: {x: 0.078464024, y: -0.01392354, z: 0.0022729936, w: 0.9968171}
  m_LocalPosition: {x: -0.23845805, y: -0.0008520288, z: -0.008709004}
  m_LocalScale: {x: 1, y: 1, z: 1}
  m_Children:
  - {fileID: 4658042250988982}
  - {fileID: 4302379071676478}
  - {fileID: 4168824595097938}
  - {fileID: 4534709366029308}
  - {fileID: 4977788392176244}
  m_Father: {fileID: 4806826906784572}
  m_RootOrder: 0
  m_LocalEulerAnglesHint: {x: 0, y: 0, z: 0}
--- !u!4 &4346221796383238
Transform:
  m_ObjectHideFlags: 1
  m_PrefabParentObject: {fileID: 0}
  m_PrefabInternal: {fileID: 100100000}
  m_GameObject: {fileID: 1453017888034462}
  m_LocalRotation: {x: 0, y: -0, z: -0, w: 1}
  m_LocalPosition: {x: 0.03151435, y: -0.018385308, z: -0.0023786386}
  m_LocalScale: {x: 1, y: 1, z: 1}
  m_Children: []
  m_Father: {fileID: 4724812087920778}
  m_RootOrder: 0
  m_LocalEulerAnglesHint: {x: 0, y: 0, z: 0}
--- !u!4 &4349649465711334
Transform:
  m_ObjectHideFlags: 1
  m_PrefabParentObject: {fileID: 0}
  m_PrefabInternal: {fileID: 100100000}
  m_GameObject: {fileID: 1543724195479272}
  m_LocalRotation: {x: -0.0004417725, y: 0.046705842, z: -0.012951982, w: 0.99882466}
  m_LocalPosition: {x: -0.053006545, y: 0.006632174, z: -0.017092818}
  m_LocalScale: {x: 1, y: 1, z: 1}
  m_Children:
  - {fileID: 4806826906784572}
  m_Father: {fileID: 4758669660082308}
  m_RootOrder: 0
  m_LocalEulerAnglesHint: {x: 0, y: 0, z: 0}
--- !u!4 &4350531848786862
Transform:
  m_ObjectHideFlags: 1
  m_PrefabParentObject: {fileID: 0}
  m_PrefabInternal: {fileID: 100100000}
  m_GameObject: {fileID: 1113776301604550}
  m_LocalRotation: {x: 0.0023685244, y: 0.013658577, z: -0.020059578, w: 0.9997027}
  m_LocalPosition: {x: 0.026790237, y: -0.009500736, z: -0.0033055397}
  m_LocalScale: {x: 1, y: 1, z: 1}
  m_Children:
  - {fileID: 4559157318999436}
  m_Father: {fileID: 4267788713570732}
  m_RootOrder: 0
  m_LocalEulerAnglesHint: {x: 0, y: 0, z: 0}
--- !u!4 &4350741821623912
Transform:
  m_ObjectHideFlags: 1
  m_PrefabParentObject: {fileID: 0}
  m_PrefabInternal: {fileID: 100100000}
  m_GameObject: {fileID: 1269598325569382}
  m_LocalRotation: {x: -0.07121973, y: -0.0683773, z: 0.050987907, w: 0.99380714}
  m_LocalPosition: {x: 0.030167103, y: -0.015619701, z: 0.021190222}
  m_LocalScale: {x: 1, y: 1, z: 1}
  m_Children:
  - {fileID: 4550696427690986}
  m_Father: {fileID: 4255555690424324}
  m_RootOrder: 0
  m_LocalEulerAnglesHint: {x: 0, y: 0, z: 0}
--- !u!4 &4359957464006130
Transform:
  m_ObjectHideFlags: 1
  m_PrefabParentObject: {fileID: 0}
  m_PrefabInternal: {fileID: 100100000}
  m_GameObject: {fileID: 1310495823199578}
  m_LocalRotation: {x: 0.089240424, y: -0, z: -0, w: 0.9960101}
  m_LocalPosition: {x: -0.047495604, y: 3.09, z: -5.3574705}
  m_LocalScale: {x: 1, y: 1, z: 1}
  m_Children: []
  m_Father: {fileID: 4781992208844586}
  m_RootOrder: 2
  m_LocalEulerAnglesHint: {x: 10.240001, y: 0, z: 0}
--- !u!4 &4364133234288770
Transform:
  m_ObjectHideFlags: 1
  m_PrefabParentObject: {fileID: 0}
  m_PrefabInternal: {fileID: 100100000}
  m_GameObject: {fileID: 1711115833819630}
  m_LocalRotation: {x: 0, y: -0, z: -0, w: 1}
  m_LocalPosition: {x: -0, y: 0, z: 0}
  m_LocalScale: {x: 1, y: 1, z: 1}
  m_Children:
  - {fileID: 4506983071267524}
  - {fileID: 4817184394279046}
  - {fileID: 4227224195300080}
  - {fileID: 4210533264578878}
  - {fileID: 4027803945476234}
  - {fileID: 4066879556012208}
  - {fileID: 4112144278901020}
  m_Father: {fileID: 4781992208844586}
  m_RootOrder: 1
  m_LocalEulerAnglesHint: {x: 0, y: 0, z: 0}
--- !u!4 &4386356043503462
Transform:
  m_ObjectHideFlags: 1
  m_PrefabParentObject: {fileID: 0}
  m_PrefabInternal: {fileID: 100100000}
  m_GameObject: {fileID: 1276849965793870}
  m_LocalRotation: {x: 0.0033203904, y: -0.003794143, z: -0.017787116, w: 0.9998291}
  m_LocalPosition: {x: -0.030227456, y: -0.012810168, z: -0.0029096045}
  m_LocalScale: {x: 1, y: 1, z: 1}
  m_Children:
  - {fileID: 4696382771663270}
  m_Father: {fileID: 4522217959556534}
  m_RootOrder: 0
  m_LocalEulerAnglesHint: {x: 0, y: 0, z: 0}
--- !u!4 &4423437865290336
Transform:
  m_ObjectHideFlags: 1
  m_PrefabParentObject: {fileID: 0}
  m_PrefabInternal: {fileID: 100100000}
  m_GameObject: {fileID: 1705378428412702}
  m_LocalRotation: {x: 0, y: -0, z: -0, w: 1}
  m_LocalPosition: {x: -3.8180705e-17, y: 0.6235382, z: -4.4703483e-10}
  m_LocalScale: {x: 1, y: 1, z: 1}
  m_Children: []
  m_Father: {fileID: 4998687595919716}
  m_RootOrder: 0
  m_LocalEulerAnglesHint: {x: 0, y: 0, z: 0}
--- !u!4 &4431545958289470
Transform:
  m_ObjectHideFlags: 1
  m_PrefabParentObject: {fileID: 0}
  m_PrefabInternal: {fileID: 100100000}
  m_GameObject: {fileID: 1597177883264112}
  m_LocalRotation: {x: 0.00007011989, y: 0.021174377, z: -0.086410746, w: 0.99603456}
  m_LocalPosition: {x: -0.032291904, y: -0.0057491474, z: -0.0014349759}
  m_LocalScale: {x: 1, y: 1, z: 1}
  m_Children:
  - {fileID: 4984330871171910}
  m_Father: {fileID: 4658042250988982}
  m_RootOrder: 0
  m_LocalEulerAnglesHint: {x: 0, y: 0, z: 0}
--- !u!4 &4448550539542496
Transform:
  m_ObjectHideFlags: 1
  m_PrefabParentObject: {fileID: 0}
  m_PrefabInternal: {fileID: 100100000}
  m_GameObject: {fileID: 1271542741107614}
  m_LocalRotation: {x: -0.0003625755, y: 0.028476907, z: -0.01271181, w: 0.99951357}
  m_LocalPosition: {x: 0.21769282, y: -0.0063401023, z: -0.020410933}
  m_LocalScale: {x: 1, y: 1, z: 1}
  m_Children:
  - {fileID: 4274956508158940}
  m_Father: {fileID: 4226375378718000}
  m_RootOrder: 0
  m_LocalEulerAnglesHint: {x: 0, y: 0, z: 0}
--- !u!4 &4496579178218242
Transform:
  m_ObjectHideFlags: 1
  m_PrefabParentObject: {fileID: 0}
  m_PrefabInternal: {fileID: 100100000}
  m_GameObject: {fileID: 1324148868252952}
  m_LocalRotation: {x: 0, y: -0, z: -0, w: 1}
  m_LocalPosition: {x: -0.03151435, y: -0.018385308, z: -0.0023786386}
  m_LocalScale: {x: 1, y: 1, z: 1}
  m_Children: []
  m_Father: {fileID: 4984330871171910}
  m_RootOrder: 0
  m_LocalEulerAnglesHint: {x: 0, y: 0, z: 0}
--- !u!4 &4506983071267524
Transform:
  m_ObjectHideFlags: 1
  m_PrefabParentObject: {fileID: 0}
  m_PrefabInternal: {fileID: 100100000}
  m_GameObject: {fileID: 1197478283239216}
  m_LocalRotation: {x: 0, y: -0, z: -0, w: 1}
  m_LocalPosition: {x: -0, y: 0, z: 0}
  m_LocalScale: {x: 1, y: 1, z: 1}
  m_Children: []
  m_Father: {fileID: 4364133234288770}
  m_RootOrder: 0
  m_LocalEulerAnglesHint: {x: 0, y: 0, z: 0}
--- !u!4 &4522217959556534
Transform:
  m_ObjectHideFlags: 1
  m_PrefabParentObject: {fileID: 0}
  m_PrefabInternal: {fileID: 100100000}
  m_GameObject: {fileID: 1102850733321986}
  m_LocalRotation: {x: -0.0024619473, y: 0.013599318, z: -0.034292556, w: 0.9993163}
  m_LocalPosition: {x: -0.028813388, y: -0.00992857, z: -0.0018692748}
  m_LocalScale: {x: 1, y: 1, z: 1}
  m_Children:
  - {fileID: 4386356043503462}
  m_Father: {fileID: 4534709366029308}
  m_RootOrder: 0
  m_LocalEulerAnglesHint: {x: 0, y: 0, z: 0}
--- !u!4 &4522558269536964
Transform:
  m_ObjectHideFlags: 1
  m_PrefabParentObject: {fileID: 0}
  m_PrefabInternal: {fileID: 100100000}
  m_GameObject: {fileID: 1872299834319788}
  m_LocalRotation: {x: 0.005103741, y: -0.011122206, z: -0.017899288, w: 0.9997649}
  m_LocalPosition: {x: -0.027245726, y: -0.008436144, z: -0.0025268465}
  m_LocalScale: {x: 1, y: 1, z: 1}
  m_Children:
  - {fileID: 4148678515252376}
  m_Father: {fileID: 4591535504674732}
  m_RootOrder: 0
  m_LocalEulerAnglesHint: {x: 0, y: 0, z: 0}
--- !u!4 &4524152018220588
Transform:
  m_ObjectHideFlags: 1
  m_PrefabParentObject: {fileID: 0}
  m_PrefabInternal: {fileID: 100100000}
  m_GameObject: {fileID: 1114570430303146}
  m_LocalRotation: {x: 0, y: -0, z: -0, w: 1}
  m_LocalPosition: {x: 0.027790004, y: -0.009714465, z: -0.0018880091}
  m_LocalScale: {x: 1, y: 1, z: 1}
  m_Children: []
  m_Father: {fileID: 4559157318999436}
  m_RootOrder: 0
  m_LocalEulerAnglesHint: {x: 0, y: 0, z: 0}
--- !u!4 &4534709366029308
Transform:
  m_ObjectHideFlags: 1
  m_PrefabParentObject: {fileID: 0}
  m_PrefabInternal: {fileID: 100100000}
  m_GameObject: {fileID: 1048139969465892}
  m_LocalRotation: {x: 0.0012559604, y: 0.027163507, z: -0.163667, w: 0.9861408}
  m_LocalPosition: {x: -0.12304863, y: -0.0040101577, z: -0.030700507}
  m_LocalScale: {x: 1, y: 1, z: 1}
  m_Children:
  - {fileID: 4522217959556534}
  m_Father: {fileID: 4314820489124350}
  m_RootOrder: 3
  m_LocalEulerAnglesHint: {x: 0, y: 0, z: 0}
--- !u!4 &4534723231529656
Transform:
  m_ObjectHideFlags: 1
  m_PrefabParentObject: {fileID: 0}
  m_PrefabInternal: {fileID: 100100000}
  m_GameObject: {fileID: 1534230887154976}
  m_LocalRotation: {x: 3.8774097e-26, y: -4.263257e-14, z: 6.82121e-13, w: 1}
  m_LocalPosition: {x: -0, y: 0.09600135, z: 0.0024876622}
  m_LocalScale: {x: 1, y: 1, z: 1}
  m_Children:
  - {fileID: 4675189242340322}
  m_Father: {fileID: 4304795430141586}
  m_RootOrder: 0
  m_LocalEulerAnglesHint: {x: 0, y: 0, z: 0}
--- !u!4 &4550696427690986
Transform:
  m_ObjectHideFlags: 1
  m_PrefabParentObject: {fileID: 0}
  m_PrefabInternal: {fileID: 100100000}
  m_GameObject: {fileID: 1748316862132060}
  m_LocalRotation: {x: -0.040561296, y: -0.06371923, z: -0.007708204, w: 0.99711347}
  m_LocalPosition: {x: 0.030295616, y: -0.020997971, z: 0.014158436}
  m_LocalScale: {x: 1, y: 1, z: 1}
  m_Children:
  - {fileID: 4792992838207720}
  m_Father: {fileID: 4350741821623912}
  m_RootOrder: 0
  m_LocalEulerAnglesHint: {x: 0, y: 0, z: 0}
--- !u!4 &4559157318999436
Transform:
  m_ObjectHideFlags: 1
  m_PrefabParentObject: {fileID: 0}
  m_PrefabInternal: {fileID: 100100000}
  m_GameObject: {fileID: 1428441723872770}
  m_LocalRotation: {x: 0.005103695, y: 0.011122182, z: 0.017899264, w: 0.9997649}
  m_LocalPosition: {x: 0.027245726, y: -0.008436144, z: -0.0025268465}
  m_LocalScale: {x: 1, y: 1, z: 1}
  m_Children:
  - {fileID: 4524152018220588}
  m_Father: {fileID: 4350531848786862}
  m_RootOrder: 0
  m_LocalEulerAnglesHint: {x: 0, y: 0, z: 0}
--- !u!4 &4564711613920764
Transform:
  m_ObjectHideFlags: 1
  m_PrefabParentObject: {fileID: 0}
  m_PrefabInternal: {fileID: 100100000}
  m_GameObject: {fileID: 1532366109266414}
  m_LocalRotation: {x: 0.0009779013, y: -0.023698013, z: 0.12822765, w: 0.9914611}
  m_LocalPosition: {x: 0.12135157, y: -0.0003060048, z: -0.000981802}
  m_LocalScale: {x: 1, y: 1, z: 1}
  m_Children:
  - {fileID: 4173542632363558}
  m_Father: {fileID: 4274956508158940}
  m_RootOrder: 1
  m_LocalEulerAnglesHint: {x: 0, y: 0, z: 0}
--- !u!4 &4575594406405728
Transform:
  m_ObjectHideFlags: 1
  m_PrefabParentObject: {fileID: 0}
  m_PrefabInternal: {fileID: 100100000}
  m_GameObject: {fileID: 1553708104552736}
  m_LocalRotation: {x: -0.040561315, y: 0.063719265, z: 0.0077081523, w: 0.99711347}
  m_LocalPosition: {x: -0.030295616, y: -0.020997971, z: 0.014158436}
  m_LocalScale: {x: 1, y: 1, z: 1}
  m_Children:
  - {fileID: 4777881221199902}
  m_Father: {fileID: 4991720619905190}
  m_RootOrder: 0
  m_LocalEulerAnglesHint: {x: 0, y: 0, z: 0}
--- !u!4 &4579506456965672
Transform:
  m_ObjectHideFlags: 1
  m_PrefabParentObject: {fileID: 0}
  m_PrefabInternal: {fileID: 100100000}
  m_GameObject: {fileID: 1293701746637530}
  m_LocalRotation: {x: 4.8008677e-20, y: -0.0000000018229488, z: 0.000000054827357,
    w: 1}
  m_LocalPosition: {x: -0.000000014014349, y: 0.8465222, z: 0.0041981507}
  m_LocalScale: {x: 1, y: 1, z: 1}
  m_Children:
  - {fileID: 4794426306226520}
  - {fileID: 4845399054843158}
  - {fileID: 4304795430141586}
  m_Father: {fileID: 4781992208844586}
  m_RootOrder: 0
  m_LocalEulerAnglesHint: {x: 0, y: 0, z: 0}
--- !u!4 &4585168911915584
Transform:
  m_ObjectHideFlags: 1
  m_PrefabParentObject: {fileID: 0}
  m_PrefabInternal: {fileID: 100100000}
  m_GameObject: {fileID: 1340143424245852}
  m_LocalRotation: {x: 0, y: 0, z: 6.4248127e-37, w: 1}
  m_LocalPosition: {x: -0, y: 0.21684282, z: -0.031230537}
  m_LocalScale: {x: 1, y: 1, z: 1}
  m_Children:
  - {fileID: 4998687595919716}
  m_Father: {fileID: 4675189242340322}
  m_RootOrder: 1
  m_LocalEulerAnglesHint: {x: 0, y: 0, z: 0}
--- !u!4 &4591535504674732
Transform:
  m_ObjectHideFlags: 1
  m_PrefabParentObject: {fileID: 0}
  m_PrefabInternal: {fileID: 100100000}
  m_GameObject: {fileID: 1930924314821198}
  m_LocalRotation: {x: 0.0023685615, y: -0.013658549, z: 0.020059574, w: 0.9997027}
  m_LocalPosition: {x: -0.026790237, y: -0.009500736, z: -0.0033055397}
  m_LocalScale: {x: 1, y: 1, z: 1}
  m_Children:
  - {fileID: 4522558269536964}
  m_Father: {fileID: 4168824595097938}
  m_RootOrder: 0
  m_LocalEulerAnglesHint: {x: 0, y: 0, z: 0}
--- !u!4 &4620935588005246
Transform:
  m_ObjectHideFlags: 1
  m_PrefabParentObject: {fileID: 0}
  m_PrefabInternal: {fileID: 100100000}
  m_GameObject: {fileID: 1100701630159700}
  m_LocalRotation: {x: 0, y: -0, z: -0, w: 1}
  m_LocalPosition: {x: -0.044104677, y: -0.020176241, z: -0.0024849148}
  m_LocalScale: {x: 1, y: 1, z: 1}
  m_Children: []
  m_Father: {fileID: 4642808462609136}
  m_RootOrder: 0
  m_LocalEulerAnglesHint: {x: 0, y: 0, z: 0}
--- !u!4 &4635285713540390
Transform:
  m_ObjectHideFlags: 1
  m_PrefabParentObject: {fileID: 0}
  m_PrefabInternal: {fileID: 100100000}
  m_GameObject: {fileID: 1402408023432588}
  m_LocalRotation: {x: 0, y: -0, z: -0, w: 1}
  m_LocalPosition: {x: 0.03700904, y: -0.017272811, z: -0.0032235195}
  m_LocalScale: {x: 1, y: 1, z: 1}
  m_Children: []
  m_Father: {fileID: 4734994471536452}
  m_RootOrder: 0
  m_LocalEulerAnglesHint: {x: 0, y: 0, z: 0}
--- !u!4 &4642808462609136
Transform:
  m_ObjectHideFlags: 1
  m_PrefabParentObject: {fileID: 0}
  m_PrefabInternal: {fileID: 100100000}
  m_GameObject: {fileID: 1269029957420900}
  m_LocalRotation: {x: 0.007904177, y: -0.0127938045, z: -0.036412533, w: 0.9992237}
  m_LocalPosition: {x: -0.030945491, y: -0.011502248, z: -0.0026758797}
  m_LocalScale: {x: 1, y: 1, z: 1}
  m_Children:
  - {fileID: 4620935588005246}
  m_Father: {fileID: 4902212082672488}
  m_RootOrder: 0
  m_LocalEulerAnglesHint: {x: 0, y: 0, z: 0}
--- !u!4 &4658042250988982
Transform:
  m_ObjectHideFlags: 1
  m_PrefabParentObject: {fileID: 0}
  m_PrefabInternal: {fileID: 100100000}
  m_GameObject: {fileID: 1322641873232028}
  m_LocalRotation: {x: 0.0006560216, y: 0.017944377, z: -0.08665083, w: 0.99607694}
  m_LocalPosition: {x: -0.12180294, y: -0.0013205837, z: 0.036991537}
  m_LocalScale: {x: 1, y: 1, z: 1}
  m_Children:
  - {fileID: 4431545958289470}
  m_Father: {fileID: 4314820489124350}
  m_RootOrder: 0
  m_LocalEulerAnglesHint: {x: 0, y: 0, z: 0}
--- !u!4 &4675189242340322
Transform:
  m_ObjectHideFlags: 1
  m_PrefabParentObject: {fileID: 0}
  m_PrefabInternal: {fileID: 100100000}
  m_GameObject: {fileID: 1101827242770826}
  m_LocalRotation: {x: 0, y: 0, z: 6.4248127e-37, w: 1}
  m_LocalPosition: {x: -0, y: 0.110377975, z: -0.0049123964}
  m_LocalScale: {x: 1, y: 1, z: 1}
  m_Children:
  - {fileID: 4758669660082308}
  - {fileID: 4585168911915584}
  - {fileID: 4698265485899932}
  m_Father: {fileID: 4534723231529656}
  m_RootOrder: 0
  m_LocalEulerAnglesHint: {x: 0, y: 0, z: 0}
--- !u!4 &4680074939326516
Transform:
  m_ObjectHideFlags: 1
  m_PrefabParentObject: {fileID: 0}
  m_PrefabInternal: {fileID: 100100000}
  m_GameObject: {fileID: 1325351118540904}
  m_LocalRotation: {x: 0.00065596215, y: -0.01794437, z: 0.08665085, w: 0.99607694}
  m_LocalPosition: {x: 0.12180294, y: -0.0013205837, z: 0.036991537}
  m_LocalScale: {x: 1, y: 1, z: 1}
  m_Children:
  - {fileID: 4736223725407804}
  m_Father: {fileID: 4274956508158940}
  m_RootOrder: 0
  m_LocalEulerAnglesHint: {x: 0, y: 0, z: 0}
--- !u!4 &4696382771663270
Transform:
  m_ObjectHideFlags: 1
  m_PrefabParentObject: {fileID: 0}
  m_PrefabInternal: {fileID: 100100000}
  m_GameObject: {fileID: 1393820150186158}
  m_LocalRotation: {x: 0, y: -0, z: -0, w: 1}
  m_LocalPosition: {x: -0.03700904, y: -0.017272811, z: -0.0032235195}
  m_LocalScale: {x: 1, y: 1, z: 1}
  m_Children: []
  m_Father: {fileID: 4386356043503462}
  m_RootOrder: 0
  m_LocalEulerAnglesHint: {x: 0, y: 0, z: 0}
--- !u!4 &4698265485899932
Transform:
  m_ObjectHideFlags: 1
  m_PrefabParentObject: {fileID: 0}
  m_PrefabInternal: {fileID: 100100000}
  m_GameObject: {fileID: 1702674388411910}
  m_LocalRotation: {x: -0.0000000149011425, y: 2.3534905e-11, z: 0.0015764949, w: 0.99999875}
  m_LocalPosition: {x: 0.042158417, y: 0.16554418, z: -0.040647224}
  m_LocalScale: {x: 1, y: 1, z: 1}
  m_Children:
  - {fileID: 4226375378718000}
  m_Father: {fileID: 4675189242340322}
  m_RootOrder: 2
  m_LocalEulerAnglesHint: {x: 0, y: 0, z: 0}
--- !u!4 &4705311659085846
Transform:
  m_ObjectHideFlags: 1
  m_PrefabParentObject: {fileID: 0}
  m_PrefabInternal: {fileID: 100100000}
  m_GameObject: {fileID: 1285795422543304}
  m_LocalRotation: {x: 0.007904251, y: 0.012793811, z: 0.03641255, w: 0.9992237}
  m_LocalPosition: {x: 0.030945491, y: -0.011502248, z: -0.0026758797}
  m_LocalScale: {x: 1, y: 1, z: 1}
  m_Children:
  - {fileID: 4746487068942630}
  m_Father: {fileID: 4173542632363558}
  m_RootOrder: 0
  m_LocalEulerAnglesHint: {x: 0, y: 0, z: 0}
--- !u!4 &4724812087920778
Transform:
  m_ObjectHideFlags: 1
  m_PrefabParentObject: {fileID: 0}
  m_PrefabInternal: {fileID: 100100000}
  m_GameObject: {fileID: 1870639904288134}
  m_LocalRotation: {x: 0.010165511, y: 0.0059796525, z: 0.08844852, w: 0.99601096}
  m_LocalPosition: {x: 0.031111576, y: -0.011356314, z: -0.0028079413}
  m_LocalScale: {x: 1, y: 1, z: 1}
  m_Children:
  - {fileID: 4346221796383238}
  m_Father: {fileID: 4736223725407804}
  m_RootOrder: 0
  m_LocalEulerAnglesHint: {x: 0, y: 0, z: 0}
--- !u!4 &4734994471536452
Transform:
  m_ObjectHideFlags: 1
  m_PrefabParentObject: {fileID: 0}
  m_PrefabInternal: {fileID: 100100000}
  m_GameObject: {fileID: 1941000337929694}
  m_LocalRotation: {x: 0.003320393, y: 0.003794133, z: 0.017787062, w: 0.9998291}
  m_LocalPosition: {x: 0.030227456, y: -0.012810168, z: -0.0029096045}
  m_LocalScale: {x: 1, y: 1, z: 1}
  m_Children:
  - {fileID: 4635285713540390}
  m_Father: {fileID: 4879695426044416}
  m_RootOrder: 0
  m_LocalEulerAnglesHint: {x: 0, y: 0, z: 0}
--- !u!4 &4736223725407804
Transform:
  m_ObjectHideFlags: 1
  m_PrefabParentObject: {fileID: 0}
  m_PrefabInternal: {fileID: 100100000}
  m_GameObject: {fileID: 1178948861405760}
  m_LocalRotation: {x: 0.00007017685, y: -0.021174394, z: 0.08641072, w: 0.99603456}
  m_LocalPosition: {x: 0.032291904, y: -0.0057491474, z: -0.0014349759}
  m_LocalScale: {x: 1, y: 1, z: 1}
  m_Children:
  - {fileID: 4724812087920778}
  m_Father: {fileID: 4680074939326516}
  m_RootOrder: 0
  m_LocalEulerAnglesHint: {x: 0, y: 0, z: 0}
--- !u!4 &4741542809106058
Transform:
  m_ObjectHideFlags: 1
  m_PrefabParentObject: {fileID: 0}
  m_PrefabInternal: {fileID: 100100000}
  m_GameObject: {fileID: 1087014325586426}
  m_LocalRotation: {x: 0, y: -0, z: -0, w: 1}
  m_LocalPosition: {x: 0.009701685, y: -0.12896767, z: 0.14273058}
  m_LocalScale: {x: 1, y: 1, z: 1}
  m_Children: []
  m_Father: {fileID: 4099954850067654}
  m_RootOrder: 0
  m_LocalEulerAnglesHint: {x: 0, y: 0, z: 0}
--- !u!4 &4746487068942630
Transform:
  m_ObjectHideFlags: 1
  m_PrefabParentObject: {fileID: 0}
  m_PrefabInternal: {fileID: 100100000}
  m_GameObject: {fileID: 1465115559271676}
  m_LocalRotation: {x: 0, y: -0, z: -0, w: 1}
  m_LocalPosition: {x: 0.044104677, y: -0.020176241, z: -0.0024849148}
  m_LocalScale: {x: 1, y: 1, z: 1}
  m_Children: []
  m_Father: {fileID: 4705311659085846}
  m_RootOrder: 0
  m_LocalEulerAnglesHint: {x: 0, y: 0, z: 0}
--- !u!4 &4758669660082308
Transform:
  m_ObjectHideFlags: 1
  m_PrefabParentObject: {fileID: 0}
  m_PrefabInternal: {fileID: 100100000}
  m_GameObject: {fileID: 1215424301296712}
  m_LocalRotation: {x: -0.00000004470343, y: -7.043418e-11, z: -0.0015765843, w: 0.99999875}
  m_LocalPosition: {x: -0.042158417, y: 0.16554418, z: -0.040647224}
  m_LocalScale: {x: 1, y: 1, z: 1}
  m_Children:
  - {fileID: 4349649465711334}
  m_Father: {fileID: 4675189242340322}
  m_RootOrder: 0
  m_LocalEulerAnglesHint: {x: 0, y: 0, z: 0}
--- !u!4 &4777881221199902
Transform:
  m_ObjectHideFlags: 1
  m_PrefabParentObject: {fileID: 0}
  m_PrefabInternal: {fileID: 100100000}
  m_GameObject: {fileID: 1963153266899576}
  m_LocalRotation: {x: 0, y: -0, z: -0, w: 1}
  m_LocalPosition: {x: -0.03582949, y: -0.023949193, z: 0.00943704}
  m_LocalScale: {x: 1, y: 1, z: 1}
  m_Children: []
  m_Father: {fileID: 4575594406405728}
  m_RootOrder: 0
  m_LocalEulerAnglesHint: {x: 0, y: 0, z: 0}
--- !u!4 &4781992208844586
Transform:
  m_ObjectHideFlags: 1
  m_PrefabParentObject: {fileID: 0}
  m_PrefabInternal: {fileID: 100100000}
  m_GameObject: {fileID: 1113797451230212}
  m_LocalRotation: {x: 0, y: 0, z: 0, w: 1}
  m_LocalPosition: {x: 0, y: 1.44, z: -0.12252951}
  m_LocalScale: {x: 1, y: 1, z: 1}
  m_Children:
  - {fileID: 4579506456965672}
  - {fileID: 4364133234288770}
  - {fileID: 4359957464006130}
  m_Father: {fileID: 0}
  m_RootOrder: 0
  m_LocalEulerAnglesHint: {x: 0, y: 0, z: 0}
--- !u!4 &4792992838207720
Transform:
  m_ObjectHideFlags: 1
  m_PrefabParentObject: {fileID: 0}
  m_PrefabInternal: {fileID: 100100000}
  m_GameObject: {fileID: 1529385950044460}
  m_LocalRotation: {x: 0, y: -0, z: -0, w: 1}
  m_LocalPosition: {x: 0.03582949, y: -0.023949193, z: 0.00943704}
  m_LocalScale: {x: 1, y: 1, z: 1}
  m_Children: []
  m_Father: {fileID: 4550696427690986}
  m_RootOrder: 0
  m_LocalEulerAnglesHint: {x: 0, y: 0, z: 0}
--- !u!4 &4794426306226520
Transform:
  m_ObjectHideFlags: 1
  m_PrefabParentObject: {fileID: 0}
  m_PrefabInternal: {fileID: 100100000}
  m_GameObject: {fileID: 1653536577951050}
  m_LocalRotation: {x: 0.000021249636, y: -0.00000014482676, z: 0.00689274, w: 0.9999763}
  m_LocalPosition: {x: -0.08266982, y: -0.04795516, z: -0.0037905346}
  m_LocalScale: {x: 1, y: 1, z: 1}
  m_Children:
  - {fileID: 4169489172609344}
  m_Father: {fileID: 4579506456965672}
  m_RootOrder: 0
  m_LocalEulerAnglesHint: {x: 0, y: 0, z: 0}
--- !u!4 &4806826906784572
Transform:
  m_ObjectHideFlags: 1
  m_PrefabParentObject: {fileID: 0}
  m_PrefabInternal: {fileID: 100100000}
  m_GameObject: {fileID: 1644743580651794}
  m_LocalRotation: {x: -0.0003625755, y: -0.028476907, z: 0.01271181, w: 0.99951357}
  m_LocalPosition: {x: -0.21769282, y: -0.0063401023, z: -0.020410933}
  m_LocalScale: {x: 1, y: 1, z: 1}
  m_Children:
  - {fileID: 4314820489124350}
  m_Father: {fileID: 4349649465711334}
  m_RootOrder: 0
  m_LocalEulerAnglesHint: {x: 0, y: 0, z: 0}
--- !u!4 &4815051640137962
Transform:
  m_ObjectHideFlags: 1
  m_PrefabParentObject: {fileID: 0}
  m_PrefabInternal: {fileID: 100100000}
  m_GameObject: {fileID: 1746789476187226}
  m_LocalRotation: {x: -0.0006456481, y: 0.000005548916, z: -0.0068927174, w: 0.99997604}
  m_LocalPosition: {x: -0.0051405774, y: -0.33176798, z: -0.022845898}
  m_LocalScale: {x: 1, y: 1, z: 1}
  m_Children:
  - {fileID: 4198582323276144}
  m_Father: {fileID: 4169489172609344}
  m_RootOrder: 0
  m_LocalEulerAnglesHint: {x: 0, y: 0, z: 0}
--- !u!4 &4817184394279046
Transform:
  m_ObjectHideFlags: 1
  m_PrefabParentObject: {fileID: 0}
  m_PrefabInternal: {fileID: 100100000}
  m_GameObject: {fileID: 1339602478040650}
  m_LocalRotation: {x: 0, y: -0, z: -0, w: 1}
  m_LocalPosition: {x: -0, y: 0, z: 0}
  m_LocalScale: {x: 1, y: 1, z: 1}
  m_Children: []
  m_Father: {fileID: 4364133234288770}
  m_RootOrder: 1
  m_LocalEulerAnglesHint: {x: 0, y: 0, z: 0}
--- !u!4 &4845399054843158
Transform:
  m_ObjectHideFlags: 1
  m_PrefabParentObject: {fileID: 0}
  m_PrefabInternal: {fileID: 100100000}
  m_GameObject: {fileID: 1741414004296864}
  m_LocalRotation: {x: 0.000023393135, y: 0.0000001628792, z: -0.00689284, w: 0.9999763}
  m_LocalPosition: {x: 0.08266982, y: -0.04795516, z: -0.0037905346}
  m_LocalScale: {x: 1, y: 1, z: 1}
  m_Children:
  - {fileID: 4064850087241380}
  m_Father: {fileID: 4579506456965672}
  m_RootOrder: 1
  m_LocalEulerAnglesHint: {x: 0, y: 0, z: 0}
--- !u!4 &4879695426044416
Transform:
  m_ObjectHideFlags: 1
  m_PrefabParentObject: {fileID: 0}
  m_PrefabInternal: {fileID: 100100000}
  m_GameObject: {fileID: 1030058848748286}
  m_LocalRotation: {x: -0.0024619473, y: -0.013599318, z: 0.034292556, w: 0.9993163}
  m_LocalPosition: {x: 0.028813388, y: -0.00992857, z: -0.0018692748}
  m_LocalScale: {x: 1, y: 1, z: 1}
  m_Children:
  - {fileID: 4734994471536452}
  m_Father: {fileID: 4291862841841944}
  m_RootOrder: 0
  m_LocalEulerAnglesHint: {x: 0, y: 0, z: 0}
--- !u!4 &4902212082672488
Transform:
  m_ObjectHideFlags: 1
  m_PrefabParentObject: {fileID: 0}
  m_PrefabInternal: {fileID: 100100000}
  m_GameObject: {fileID: 1965444670375030}
  m_LocalRotation: {x: -0.0008558677, y: 0.013396366, z: -0.047683544, w: 0.9987723}
  m_LocalPosition: {x: -0.03290935, y: -0.008754621, z: -0.0018692748}
  m_LocalScale: {x: 1, y: 1, z: 1}
  m_Children:
  - {fileID: 4642808462609136}
  m_Father: {fileID: 4302379071676478}
  m_RootOrder: 0
  m_LocalEulerAnglesHint: {x: 0, y: 0, z: 0}
--- !u!4 &4977788392176244
Transform:
  m_ObjectHideFlags: 1
  m_PrefabParentObject: {fileID: 0}
  m_PrefabInternal: {fileID: 100100000}
  m_GameObject: {fileID: 1025723036906342}
  m_LocalRotation: {x: 0.000533259, y: -0.015575943, z: -0.010722509, w: 0.99982107}
  m_LocalPosition: {x: -0.044017605, y: -0.015914345, z: 0.033655696}
  m_LocalScale: {x: 1, y: 1, z: 1}
  m_Children:
  - {fileID: 4991720619905190}
  m_Father: {fileID: 4314820489124350}
  m_RootOrder: 4
  m_LocalEulerAnglesHint: {x: 0, y: 0, z: 0}
--- !u!4 &4984330871171910
Transform:
  m_ObjectHideFlags: 1
  m_PrefabParentObject: {fileID: 0}
  m_PrefabInternal: {fileID: 100100000}
  m_GameObject: {fileID: 1158337747962698}
  m_LocalRotation: {x: 0.010165476, y: -0.0059796474, z: -0.08844854, w: 0.99601096}
  m_LocalPosition: {x: -0.031111576, y: -0.011356314, z: -0.0028079413}
  m_LocalScale: {x: 1, y: 1, z: 1}
  m_Children:
  - {fileID: 4496579178218242}
  m_Father: {fileID: 4431545958289470}
  m_RootOrder: 0
  m_LocalEulerAnglesHint: {x: 0, y: 0, z: 0}
--- !u!4 &4991720619905190
Transform:
  m_ObjectHideFlags: 1
  m_PrefabParentObject: {fileID: 0}
  m_PrefabInternal: {fileID: 100100000}
  m_GameObject: {fileID: 1697458116743576}
  m_LocalRotation: {x: -0.07121986, y: 0.068377525, z: -0.050987873, w: 0.9938071}
  m_LocalPosition: {x: -0.030167103, y: -0.015619701, z: 0.021190222}
  m_LocalScale: {x: 1, y: 1, z: 1}
  m_Children:
  - {fileID: 4575594406405728}
  m_Father: {fileID: 4977788392176244}
  m_RootOrder: 0
  m_LocalEulerAnglesHint: {x: 0, y: 0, z: 0}
--- !u!4 &4998687595919716
Transform:
  m_ObjectHideFlags: 1
  m_PrefabParentObject: {fileID: 0}
  m_PrefabInternal: {fileID: 100100000}
  m_GameObject: {fileID: 1031605240831298}
  m_LocalRotation: {x: 0, y: 0, z: 6.4248127e-37, w: 1}
  m_LocalPosition: {x: -0, y: 0.08913815, z: 0.010340212}
  m_LocalScale: {x: 1, y: 1, z: 1}
  m_Children:
  - {fileID: 4423437865290336}
  m_Father: {fileID: 4585168911915584}
  m_RootOrder: 0
  m_LocalEulerAnglesHint: {x: 0, y: 0, z: 0}
--- !u!20 &20793825342014148
Camera:
  m_ObjectHideFlags: 1
  m_PrefabParentObject: {fileID: 0}
  m_PrefabInternal: {fileID: 100100000}
  m_GameObject: {fileID: 1310495823199578}
  m_Enabled: 1
  serializedVersion: 2
  m_ClearFlags: 1
  m_BackGroundColor: {r: 0.19215687, g: 0.3019608, b: 0.4745098, a: 0}
  m_NormalizedViewPortRect:
    serializedVersion: 2
    x: 0
    y: 0
    width: 1
    height: 1
  near clip plane: 0.3
  far clip plane: 83.7
  field of view: 60
  orthographic: 0
  orthographic size: 5
  m_Depth: -1
  m_CullingMask:
    serializedVersion: 2
    m_Bits: 4294967295
  m_RenderingPath: -1
  m_TargetTexture: {fileID: 0}
  m_TargetDisplay: 0
  m_TargetEye: 3
  m_HDR: 1
  m_AllowMSAA: 1
  m_AllowDynamicResolution: 0
  m_ForceIntoRT: 0
  m_OcclusionCulling: 1
  m_StereoConvergence: 10
  m_StereoSeparation: 0.022
--- !u!54 &54953209178905128
Rigidbody:
  m_ObjectHideFlags: 1
  m_PrefabParentObject: {fileID: 0}
  m_PrefabInternal: {fileID: 100100000}
  m_GameObject: {fileID: 1113797451230212}
  serializedVersion: 2
  m_Mass: 1
  m_Drag: 0
  m_AngularDrag: 0.05
  m_UseGravity: 1
  m_IsKinematic: 0
  m_Interpolate: 0
  m_Constraints: 80
  m_CollisionDetection: 0
--- !u!81 &81672360778295508
AudioListener:
  m_ObjectHideFlags: 1
  m_PrefabParentObject: {fileID: 0}
  m_PrefabInternal: {fileID: 100100000}
  m_GameObject: {fileID: 1310495823199578}
  m_Enabled: 1
--- !u!95 &95275782530671374
Animator:
  serializedVersion: 3
  m_ObjectHideFlags: 1
  m_PrefabParentObject: {fileID: 0}
  m_PrefabInternal: {fileID: 100100000}
  m_GameObject: {fileID: 1113797451230212}
  m_Enabled: 1
  m_Avatar: {fileID: 9000000, guid: 8c695498e06e9ae418d2ca282432c5cf, type: 3}
  m_Controller: {fileID: 9100000, guid: 33a449c7388bc0441a9238fef1cff952, type: 2}
  m_CullingMode: 1
  m_UpdateMode: 0
  m_ApplyRootMotion: 0
  m_LinearVelocityBlending: 0
  m_WarningMessage: 
  m_HasTransformHierarchy: 1
  m_AllowConstantClipSamplingOptimization: 1
  m_KeepAnimatorControllerStateOnDisable: 0
--- !u!114 &114836012863500742
MonoBehaviour:
  m_ObjectHideFlags: 1
  m_PrefabParentObject: {fileID: 0}
  m_PrefabInternal: {fileID: 100100000}
  m_GameObject: {fileID: 1113797451230212}
  m_Enabled: 1
  m_EditorHideFlags: 0
  m_Script: {fileID: 11500000, guid: 81faddb4fdc5c064dbc4097a0703d065, type: 3}
  m_Name: 
  m_EditorClassIdentifier: 
  speed: 5
  jumpSpeed: 0
  anim: {fileID: 0}
  body: {fileID: 0}
  rightLine: {fileID: 0}
  leftLine: {fileID: 0}
  isMoving: 0
  isGrounded: 0
--- !u!124 &124588429139405706
Behaviour:
  m_ObjectHideFlags: 1
  m_PrefabParentObject: {fileID: 0}
  m_PrefabInternal: {fileID: 100100000}
  m_GameObject: {fileID: 1310495823199578}
  m_Enabled: 1
--- !u!136 &136215260988848672
CapsuleCollider:
  m_ObjectHideFlags: 1
  m_PrefabParentObject: {fileID: 0}
  m_PrefabInternal: {fileID: 100100000}
  m_GameObject: {fileID: 1113797451230212}
  m_Material: {fileID: 0}
  m_IsTrigger: 0
  m_Enabled: 1
  m_Radius: 0.4
  m_Height: 2.41
  m_Direction: 1
  m_Center: {x: 0, y: 1.15, z: 0}
--- !u!137 &137086806782721082
SkinnedMeshRenderer:
  m_ObjectHideFlags: 1
  m_PrefabParentObject: {fileID: 0}
  m_PrefabInternal: {fileID: 100100000}
  m_GameObject: {fileID: 1210350420522904}
  m_Enabled: 1
  m_CastShadows: 1
  m_ReceiveShadows: 1
  m_DynamicOccludee: 1
  m_MotionVectors: 1
  m_LightProbeUsage: 1
  m_ReflectionProbeUsage: 1
  m_RenderingLayerMask: 4294967295
  m_Materials:
  - {fileID: 2100000, guid: e91e08f8e26d38d4ca70e504a8a54747, type: 2}
  m_StaticBatchInfo:
    firstSubMesh: 0
    subMeshCount: 0
  m_StaticBatchRoot: {fileID: 0}
  m_ProbeAnchor: {fileID: 0}
  m_LightProbeVolumeOverride: {fileID: 0}
  m_ScaleInLightmap: 1
  m_PreserveUVs: 0
  m_IgnoreNormalsForChartDetection: 0
  m_ImportantGI: 0
  m_StitchLightmapSeams: 0
  m_SelectedEditorRenderState: 3
  m_MinimumChartSize: 4
  m_AutoUVMaxDistance: 0.5
  m_AutoUVMaxAngle: 89
  m_LightmapParameters: {fileID: 0}
  m_SortingLayerID: 0
  m_SortingLayer: 0
  m_SortingOrder: 0
  serializedVersion: 2
  m_Quality: 0
  m_UpdateWhenOffscreen: 0
  m_SkinnedMotionVectors: 1
  m_Mesh: {fileID: 4300000, guid: 8c695498e06e9ae418d2ca282432c5cf, type: 3}
  m_Bones:
  - {fileID: 4998687595919716}
  - {fileID: 4585168911915584}
  - {fileID: 4524152018220588}
  - {fileID: 4267788713570732}
  - {fileID: 4291862841841944}
  - {fileID: 4564711613920764}
  - {fileID: 4346221796383238}
  - {fileID: 4680074939326516}
  - {fileID: 4792992838207720}
  - {fileID: 4350741821623912}
  - {fileID: 4255555690424324}
  - {fileID: 4274956508158940}
  - {fileID: 4448550539542496}
  - {fileID: 4226375378718000}
  - {fileID: 4698265485899932}
  - {fileID: 4148678515252376}
  - {fileID: 4168824595097938}
  - {fileID: 4534709366029308}
  - {fileID: 4302379071676478}
  - {fileID: 4496579178218242}
  - {fileID: 4658042250988982}
  - {fileID: 4777881221199902}
  - {fileID: 4991720619905190}
  - {fileID: 4977788392176244}
  - {fileID: 4314820489124350}
  - {fileID: 4806826906784572}
  - {fileID: 4349649465711334}
  - {fileID: 4758669660082308}
  - {fileID: 4675189242340322}
  - {fileID: 4534723231529656}
  - {fileID: 4304795430141586}
  m_BlendShapeWeights: []
  m_RootBone: {fileID: 4304795430141586}
  m_AABB:
    m_Center: {x: 0.008453846, y: 0.75133926, z: 0.020395935}
    m_Extent: {x: 0.3849212, y: 0.30692238, z: 0.30884802}
  m_DirtyAABB: 0
--- !u!137 &137105372385818088
SkinnedMeshRenderer:
  m_ObjectHideFlags: 1
  m_PrefabParentObject: {fileID: 0}
  m_PrefabInternal: {fileID: 100100000}
  m_GameObject: {fileID: 1282990596503682}
  m_Enabled: 1
  m_CastShadows: 1
  m_ReceiveShadows: 1
  m_DynamicOccludee: 1
  m_MotionVectors: 1
  m_LightProbeUsage: 1
  m_ReflectionProbeUsage: 1
  m_RenderingLayerMask: 4294967295
  m_Materials:
  - {fileID: 2100000, guid: b25122b4f3e1254448487d8295d7a8af, type: 2}
  m_StaticBatchInfo:
    firstSubMesh: 0
    subMeshCount: 0
  m_StaticBatchRoot: {fileID: 0}
  m_ProbeAnchor: {fileID: 0}
  m_LightProbeVolumeOverride: {fileID: 0}
  m_ScaleInLightmap: 1
  m_PreserveUVs: 0
  m_IgnoreNormalsForChartDetection: 0
  m_ImportantGI: 0
  m_StitchLightmapSeams: 0
  m_SelectedEditorRenderState: 3
  m_MinimumChartSize: 4
  m_AutoUVMaxDistance: 0.5
  m_AutoUVMaxAngle: 89
  m_LightmapParameters: {fileID: 0}
  m_SortingLayerID: 0
  m_SortingLayer: 0
  m_SortingOrder: 0
  serializedVersion: 2
  m_Quality: 0
  m_UpdateWhenOffscreen: 0
  m_SkinnedMotionVectors: 1
  m_Mesh: {fileID: 4300004, guid: 8c695498e06e9ae418d2ca282432c5cf, type: 3}
  m_Bones:
  - {fileID: 4099954850067654}
  - {fileID: 4064850087241380}
  - {fileID: 4845399054843158}
  - {fileID: 4815051640137962}
  - {fileID: 4169489172609344}
  - {fileID: 4794426306226520}
  - {fileID: 4998687595919716}
  - {fileID: 4585168911915584}
  - {fileID: 4524152018220588}
  - {fileID: 4267788713570732}
  - {fileID: 4291862841841944}
  - {fileID: 4173542632363558}
  - {fileID: 4564711613920764}
  - {fileID: 4736223725407804}
  - {fileID: 4680074939326516}
  - {fileID: 4792992838207720}
  - {fileID: 4350741821623912}
  - {fileID: 4255555690424324}
  - {fileID: 4274956508158940}
  - {fileID: 4448550539542496}
  - {fileID: 4226375378718000}
  - {fileID: 4698265485899932}
  - {fileID: 4148678515252376}
  - {fileID: 4168824595097938}
  - {fileID: 4534709366029308}
  - {fileID: 4902212082672488}
  - {fileID: 4302379071676478}
  - {fileID: 4431545958289470}
  - {fileID: 4658042250988982}
  - {fileID: 4777881221199902}
  - {fileID: 4991720619905190}
  - {fileID: 4977788392176244}
  - {fileID: 4314820489124350}
  - {fileID: 4806826906784572}
  - {fileID: 4349649465711334}
  - {fileID: 4758669660082308}
  - {fileID: 4675189242340322}
  - {fileID: 4534723231529656}
  - {fileID: 4304795430141586}
  - {fileID: 4579506456965672}
  m_BlendShapeWeights: []
  m_RootBone: {fileID: 4579506456965672}
  m_AABB:
    m_Center: {x: 0.000000029802322, y: 0.24337403, z: -0.011997726}
    m_Extent: {x: 0.55657816, y: 0.30707473, z: 0.11409184}
  m_DirtyAABB: 0
--- !u!137 &137375325228266262
SkinnedMeshRenderer:
  m_ObjectHideFlags: 1
  m_PrefabParentObject: {fileID: 0}
  m_PrefabInternal: {fileID: 100100000}
  m_GameObject: {fileID: 1197478283239216}
  m_Enabled: 1
  m_CastShadows: 1
  m_ReceiveShadows: 1
  m_DynamicOccludee: 1
  m_MotionVectors: 1
  m_LightProbeUsage: 1
  m_ReflectionProbeUsage: 1
  m_RenderingLayerMask: 4294967295
  m_Materials:
  - {fileID: 2100000, guid: 32de8e1dfb18f4d408dcc1e8346fe47b, type: 2}
  m_StaticBatchInfo:
    firstSubMesh: 0
    subMeshCount: 0
  m_StaticBatchRoot: {fileID: 0}
  m_ProbeAnchor: {fileID: 0}
  m_LightProbeVolumeOverride: {fileID: 0}
  m_ScaleInLightmap: 1
  m_PreserveUVs: 0
  m_IgnoreNormalsForChartDetection: 0
  m_ImportantGI: 0
  m_StitchLightmapSeams: 0
  m_SelectedEditorRenderState: 3
  m_MinimumChartSize: 4
  m_AutoUVMaxDistance: 0.5
  m_AutoUVMaxAngle: 89
  m_LightmapParameters: {fileID: 0}
  m_SortingLayerID: 0
  m_SortingLayer: 0
  m_SortingOrder: 0
  serializedVersion: 2
  m_Quality: 0
  m_UpdateWhenOffscreen: 0
  m_SkinnedMotionVectors: 1
  m_Mesh: {fileID: 4300012, guid: 8c695498e06e9ae418d2ca282432c5cf, type: 3}
  m_Bones:
  - {fileID: 4998687595919716}
  - {fileID: 4585168911915584}
  - {fileID: 4524152018220588}
  - {fileID: 4267788713570732}
  - {fileID: 4635285713540390}
  - {fileID: 4291862841841944}
  - {fileID: 4746487068942630}
  - {fileID: 4564711613920764}
  - {fileID: 4346221796383238}
  - {fileID: 4680074939326516}
  - {fileID: 4792992838207720}
  - {fileID: 4350741821623912}
  - {fileID: 4255555690424324}
  - {fileID: 4274956508158940}
  - {fileID: 4448550539542496}
  - {fileID: 4226375378718000}
  - {fileID: 4698265485899932}
  - {fileID: 4148678515252376}
  - {fileID: 4168824595097938}
  - {fileID: 4696382771663270}
  - {fileID: 4534709366029308}
  - {fileID: 4302379071676478}
  - {fileID: 4496579178218242}
  - {fileID: 4658042250988982}
  - {fileID: 4777881221199902}
  - {fileID: 4991720619905190}
  - {fileID: 4977788392176244}
  - {fileID: 4314820489124350}
  - {fileID: 4806826906784572}
  - {fileID: 4349649465711334}
  - {fileID: 4758669660082308}
  - {fileID: 4675189242340322}
  - {fileID: 4534723231529656}
  - {fileID: 4304795430141586}
  m_BlendShapeWeights: []
  m_RootBone: {fileID: 4304795430141586}
  m_AABB:
    m_Center: {x: 0.014836788, y: 0.8579214, z: -0.052811414}
    m_Extent: {x: 0.41490167, y: 0.33427757, z: 0.3187361}
  m_DirtyAABB: 0
--- !u!137 &137557889123838424
SkinnedMeshRenderer:
  m_ObjectHideFlags: 1
  m_PrefabParentObject: {fileID: 0}
  m_PrefabInternal: {fileID: 100100000}
  m_GameObject: {fileID: 1514591724581970}
  m_Enabled: 1
  m_CastShadows: 1
  m_ReceiveShadows: 1
  m_DynamicOccludee: 1
  m_MotionVectors: 1
  m_LightProbeUsage: 1
  m_ReflectionProbeUsage: 1
  m_RenderingLayerMask: 4294967295
  m_Materials:
  - {fileID: 2100000, guid: 4bfc1acb8d54ab54facc3830312427b3, type: 2}
  m_StaticBatchInfo:
    firstSubMesh: 0
    subMeshCount: 0
  m_StaticBatchRoot: {fileID: 0}
  m_ProbeAnchor: {fileID: 0}
  m_LightProbeVolumeOverride: {fileID: 0}
  m_ScaleInLightmap: 1
  m_PreserveUVs: 0
  m_IgnoreNormalsForChartDetection: 0
  m_ImportantGI: 0
  m_StitchLightmapSeams: 0
  m_SelectedEditorRenderState: 3
  m_MinimumChartSize: 4
  m_AutoUVMaxDistance: 0.5
  m_AutoUVMaxAngle: 89
  m_LightmapParameters: {fileID: 0}
  m_SortingLayerID: 0
  m_SortingLayer: 0
  m_SortingOrder: 0
  serializedVersion: 2
  m_Quality: 0
  m_UpdateWhenOffscreen: 0
  m_SkinnedMotionVectors: 1
  m_Mesh: {fileID: 4300008, guid: 8c695498e06e9ae418d2ca282432c5cf, type: 3}
  m_Bones:
  - {fileID: 4741542809106058}
  - {fileID: 4099954850067654}
  - {fileID: 4064850087241380}
  - {fileID: 4845399054843158}
  - {fileID: 4198582323276144}
  - {fileID: 4815051640137962}
  - {fileID: 4169489172609344}
  - {fileID: 4794426306226520}
  - {fileID: 4534723231529656}
  - {fileID: 4304795430141586}
  - {fileID: 4579506456965672}
  m_BlendShapeWeights: []
  m_RootBone: {fileID: 4579506456965672}
  m_AABB:
    m_Center: {x: -0.000000059604645, y: -0.69167835, z: 0.07631473}
    m_Extent: {x: 0.17842704, y: 0.15496713, z: 0.18883325}
  m_DirtyAABB: 0
--- !u!137 &137558967472713906
SkinnedMeshRenderer:
  m_ObjectHideFlags: 1
  m_PrefabParentObject: {fileID: 0}
  m_PrefabInternal: {fileID: 100100000}
  m_GameObject: {fileID: 1063496300302742}
  m_Enabled: 1
  m_CastShadows: 1
  m_ReceiveShadows: 1
  m_DynamicOccludee: 1
  m_MotionVectors: 1
  m_LightProbeUsage: 1
  m_ReflectionProbeUsage: 1
  m_RenderingLayerMask: 4294967295
  m_Materials:
  - {fileID: 2100000, guid: facbe689ef4236642b0173b273eca2f0, type: 2}
  m_StaticBatchInfo:
    firstSubMesh: 0
    subMeshCount: 0
  m_StaticBatchRoot: {fileID: 0}
  m_ProbeAnchor: {fileID: 0}
  m_LightProbeVolumeOverride: {fileID: 0}
  m_ScaleInLightmap: 1
  m_PreserveUVs: 0
  m_IgnoreNormalsForChartDetection: 0
  m_ImportantGI: 0
  m_StitchLightmapSeams: 0
  m_SelectedEditorRenderState: 3
  m_MinimumChartSize: 4
  m_AutoUVMaxDistance: 0.5
  m_AutoUVMaxAngle: 89
  m_LightmapParameters: {fileID: 0}
  m_SortingLayerID: 0
  m_SortingLayer: 0
  m_SortingOrder: 0
  serializedVersion: 2
  m_Quality: 0
  m_UpdateWhenOffscreen: 0
  m_SkinnedMotionVectors: 1
  m_Mesh: {fileID: 4300006, guid: 8c695498e06e9ae418d2ca282432c5cf, type: 3}
  m_Bones:
  - {fileID: 4741542809106058}
  - {fileID: 4099954850067654}
  - {fileID: 4064850087241380}
  - {fileID: 4845399054843158}
  - {fileID: 4198582323276144}
  - {fileID: 4815051640137962}
  - {fileID: 4169489172609344}
  - {fileID: 4794426306226520}
  - {fileID: 4998687595919716}
  - {fileID: 4675189242340322}
  - {fileID: 4534723231529656}
  - {fileID: 4304795430141586}
  - {fileID: 4579506456965672}
  m_BlendShapeWeights: []
  m_RootBone: {fileID: 4579506456965672}
  m_AABB:
    m_Center: {x: 0.000000014901161, y: -0.27789155, z: -0.0102510825}
    m_Extent: {x: 0.13305967, y: 0.26736364, z: 0.07936404}
  m_DirtyAABB: 0
--- !u!137 &137699936687834398
SkinnedMeshRenderer:
  m_ObjectHideFlags: 1
  m_PrefabParentObject: {fileID: 0}
  m_PrefabInternal: {fileID: 100100000}
  m_GameObject: {fileID: 1412212430952164}
  m_Enabled: 1
  m_CastShadows: 1
  m_ReceiveShadows: 1
  m_DynamicOccludee: 1
  m_MotionVectors: 1
  m_LightProbeUsage: 1
  m_ReflectionProbeUsage: 1
  m_RenderingLayerMask: 4294967295
  m_Materials:
  - {fileID: 2100000, guid: ebc9fad3167aa7d4bb9b9b6a9e1c776c, type: 2}
  m_StaticBatchInfo:
    firstSubMesh: 0
    subMeshCount: 0
  m_StaticBatchRoot: {fileID: 0}
  m_ProbeAnchor: {fileID: 0}
  m_LightProbeVolumeOverride: {fileID: 0}
  m_ScaleInLightmap: 1
  m_PreserveUVs: 0
  m_IgnoreNormalsForChartDetection: 0
  m_ImportantGI: 0
  m_StitchLightmapSeams: 0
  m_SelectedEditorRenderState: 3
  m_MinimumChartSize: 4
  m_AutoUVMaxDistance: 0.5
  m_AutoUVMaxAngle: 89
  m_LightmapParameters: {fileID: 0}
  m_SortingLayerID: 0
  m_SortingLayer: 0
  m_SortingOrder: 0
  serializedVersion: 2
  m_Quality: 0
  m_UpdateWhenOffscreen: 0
  m_SkinnedMotionVectors: 1
  m_Mesh: {fileID: 4300010, guid: 8c695498e06e9ae418d2ca282432c5cf, type: 3}
  m_Bones:
  - {fileID: 4845399054843158}
  - {fileID: 4169489172609344}
  - {fileID: 4794426306226520}
  - {fileID: 4998687595919716}
  - {fileID: 4585168911915584}
  - {fileID: 4267788713570732}
  - {fileID: 4564711613920764}
  - {fileID: 4680074939326516}
  - {fileID: 4255555690424324}
  - {fileID: 4274956508158940}
  - {fileID: 4448550539542496}
  - {fileID: 4226375378718000}
  - {fileID: 4698265485899932}
  - {fileID: 4168824595097938}
  - {fileID: 4302379071676478}
  - {fileID: 4658042250988982}
  - {fileID: 4977788392176244}
  - {fileID: 4314820489124350}
  - {fileID: 4806826906784572}
  - {fileID: 4349649465711334}
  - {fileID: 4758669660082308}
  - {fileID: 4675189242340322}
  - {fileID: 4534723231529656}
  - {fileID: 4304795430141586}
  - {fileID: 4579506456965672}
  m_BlendShapeWeights: []
  m_RootBone: {fileID: 4579506456965672}
  m_AABB:
    m_Center: {x: -0.016744789, y: 0.345741, z: -0.016019095}
    m_Extent: {x: 0.13084912, y: 0.24699917, z: 0.12203808}
  m_DirtyAABB: 0
--- !u!137 &137946152406584882
SkinnedMeshRenderer:
  m_ObjectHideFlags: 1
  m_PrefabParentObject: {fileID: 0}
  m_PrefabInternal: {fileID: 100100000}
  m_GameObject: {fileID: 1339602478040650}
  m_Enabled: 1
  m_CastShadows: 1
  m_ReceiveShadows: 1
  m_DynamicOccludee: 1
  m_MotionVectors: 1
  m_LightProbeUsage: 1
  m_ReflectionProbeUsage: 1
  m_RenderingLayerMask: 4294967295
  m_Materials:
  - {fileID: 2100000, guid: a5d73c5ab1e19564fa2847c133fc73cc, type: 2}
  m_StaticBatchInfo:
    firstSubMesh: 0
    subMeshCount: 0
  m_StaticBatchRoot: {fileID: 0}
  m_ProbeAnchor: {fileID: 0}
  m_LightProbeVolumeOverride: {fileID: 0}
  m_ScaleInLightmap: 1
  m_PreserveUVs: 0
  m_IgnoreNormalsForChartDetection: 0
  m_ImportantGI: 0
  m_StitchLightmapSeams: 0
  m_SelectedEditorRenderState: 3
  m_MinimumChartSize: 4
  m_AutoUVMaxDistance: 0.5
  m_AutoUVMaxAngle: 89
  m_LightmapParameters: {fileID: 0}
  m_SortingLayerID: 0
  m_SortingLayer: 0
  m_SortingOrder: 0
  serializedVersion: 2
  m_Quality: 0
  m_UpdateWhenOffscreen: 0
  m_SkinnedMotionVectors: 1
  m_Mesh: {fileID: 4300002, guid: 8c695498e06e9ae418d2ca282432c5cf, type: 3}
  m_Bones:
  - {fileID: 4524152018220588}
  - {fileID: 4559157318999436}
  - {fileID: 4350531848786862}
  - {fileID: 4267788713570732}
  - {fileID: 4635285713540390}
  - {fileID: 4734994471536452}
  - {fileID: 4879695426044416}
  - {fileID: 4291862841841944}
  - {fileID: 4746487068942630}
  - {fileID: 4705311659085846}
  - {fileID: 4173542632363558}
  - {fileID: 4564711613920764}
  - {fileID: 4346221796383238}
  - {fileID: 4724812087920778}
  - {fileID: 4736223725407804}
  - {fileID: 4680074939326516}
  - {fileID: 4792992838207720}
  - {fileID: 4550696427690986}
  - {fileID: 4350741821623912}
  - {fileID: 4255555690424324}
  - {fileID: 4274956508158940}
  - {fileID: 4448550539542496}
  - {fileID: 4148678515252376}
  - {fileID: 4522558269536964}
  - {fileID: 4591535504674732}
  - {fileID: 4168824595097938}
  - {fileID: 4696382771663270}
  - {fileID: 4386356043503462}
  - {fileID: 4522217959556534}
  - {fileID: 4534709366029308}
  - {fileID: 4620935588005246}
  - {fileID: 4642808462609136}
  - {fileID: 4902212082672488}
  - {fileID: 4302379071676478}
  - {fileID: 4496579178218242}
  - {fileID: 4984330871171910}
  - {fileID: 4431545958289470}
  - {fileID: 4658042250988982}
  - {fileID: 4777881221199902}
  - {fileID: 4575594406405728}
  - {fileID: 4991720619905190}
  - {fileID: 4977788392176244}
  - {fileID: 4314820489124350}
  - {fileID: 4806826906784572}
  m_BlendShapeWeights: []
  m_RootBone: {fileID: 4806826906784572}
  m_AABB:
    m_Center: {x: 0.31409925, y: -0.028199904, z: 0.02395581}
    m_Extent: {x: 0.79722565, y: 0.06400215, z: 0.11129902}
  m_DirtyAABB: 0
